:940:
:20:940S190102
:25:NL08RABO0341360953 EUR
:28C:19001
:60F:C181231EUR000000000000,00
:62F:C190102EUR000000000000,00
:20:940S190103
:25:NL08RABO0341360953 EUR
:28C:19002
:60F:C190102EUR000000000000,00
:62F:C190103EUR000000000000,00
:20:940S190104
:25:NL08RABO0341360953 EUR
:28C:19003
:60F:C190103EUR000000000000,00
:62F:C190104EUR000000000000,00
:20:940S190107
:25:NL08RABO0341360953 EUR
:28C:19004
:60F:C190104EUR000000000000,00
:62F:C190107EUR000000000000,00
:20:940S190108
:25:NL08RABO0341360953 EUR
:28C:19005
:60F:C190107EUR000000000000,00
:62F:C190108EUR000000000000,00
:20:940S190109
:25:NL08RABO0341360953 EUR
:28C:19006
:60F:C190108EUR000000000000,00
:62F:C190109EUR000000000000,00
:20:940S190110
:25:NL08RABO0341360953 EUR
:28C:19007
:60F:C190109EUR000000000000,00
:62F:C190110EUR000000000000,00
:20:940S190111
:25:NL08RABO0341360953 EUR
:28C:19008
:60F:C190110EUR000000000000,00
:62F:C190111EUR000000000000,00
:20:940S190114
:25:NL08RABO0341360953 EUR
:28C:19009
:60F:C190111EUR000000000000,00
:62F:C190114EUR000000000000,00
:20:940S190115
:25:NL08RABO0341360953 EUR
:28C:19010
:60F:C190114EUR000000000000,00
:62F:C190115EUR000000000000,00
:20:940S190116
:25:NL08RABO0341360953 EUR
:28C:19011
:60F:C190115EUR000000000000,00
:62F:C190116EUR000000000000,00
:20:940S190117
:25:NL08RABO0341360953 EUR
:28C:19012
:60F:C190116EUR000000000000,00
:62F:C190117EUR000000000000,00
:20:940S190118
:25:NL08RABO0341360953 EUR
:28C:19013
:60F:C190117EUR000000000000,00
:62F:C190118EUR000000000000,00
:20:940S190121
:25:NL08RABO0341360953 EUR
:28C:19014
:60F:C190118EUR000000000000,00
:62F:C190121EUR000000000000,00
:20:940S190122
:25:NL08RABO0341360953 EUR
:28C:19015
:60F:C190121EUR000000000000,00
:62F:C190122EUR000000000000,00
:20:940S190123
:25:NL08RABO0341360953 EUR
:28C:19016
:60F:C190122EUR000000000000,00
:62F:C190123EUR000000000000,00
:20:940S190124
:25:NL08RABO0341360953 EUR
:28C:19017
:60F:C190123EUR000000000000,00
:62F:C190124EUR000000000000,00
:20:940S190125
:25:NL08RABO0341360953 EUR
:28C:19018
:60F:C190124EUR000000000000,00
:62F:C190125EUR000000000000,00
:20:940S190128
:25:NL08RABO0341360953 EUR
:28C:19019
:60F:C190125EUR000000000000,00
:62F:C190128EUR000000000000,00
:20:940S190129
:25:NL08RABO0341360953 EUR
:28C:19020
:60F:C190128EUR000000000000,00
:62F:C190129EUR000000000000,00
:20:940S190130
:25:NL08RABO0341360953 EUR
:28C:19021
:60F:C190129EUR000000000000,00
:62F:C190130EUR000000000000,00
:20:940S190131
:25:NL08RABO0341360953 EUR
:28C:19022
:60F:C190130EUR000000000000,00
:62F:C190131EUR000000000000,00
:20:940S190201
:25:NL08RABO0341360953 EUR
:28C:19023
:60F:C190131EUR000000000000,00
:62F:C190201EUR000000000000,00
:20:940S190204
:25:NL08RABO0341360953 EUR
:28C:19024
:60F:C190201EUR000000000000,00
:62F:C190204EUR000000000000,00
:20:940S190205
:25:NL08RABO0341360953 EUR
:28C:19025
:60F:C190204EUR000000000000,00
:62F:C190205EUR000000000000,00
:20:940S190206
:25:NL08RABO0341360953 EUR
:28C:19026
:60F:C190205EUR000000000000,00
:62F:C190206EUR000000000000,00
:20:940S190207
:25:NL08RABO0341360953 EUR
:28C:19027
:60F:C190206EUR000000000000,00
:62F:C190207EUR000000000000,00
:20:940S190208
:25:NL08RABO0341360953 EUR
:28C:19028
:60F:C190207EUR000000000000,00
:62F:C190208EUR000000000000,00
:20:940S190211
:25:NL08RABO0341360953 EUR
:28C:19029
:60F:C190208EUR000000000000,00
:62F:C190211EUR000000000000,00
:20:940S190212
:25:NL08RABO0341360953 EUR
:28C:19030
:60F:C190211EUR000000000000,00
:62F:C190212EUR000000000000,00
:20:940S190213
:25:NL08RABO0341360953 EUR
:28C:19031
:60F:C190212EUR000000000000,00
:62F:C190213EUR000000000000,00
:20:940S190214
:25:NL08RABO0341360953 EUR
:28C:19032
:60F:C190213EUR000000000000,00
:62F:C190214EUR000000000000,00
:20:940S190215
:25:NL08RABO0341360953 EUR
:28C:19033
:60F:C190214EUR000000000000,00
:62F:C190215EUR000000000000,00
:20:940S190218
:25:NL08RABO0341360953 EUR
:28C:19034
:60F:C190215EUR000000000000,00
:62F:C190218EUR000000000000,00
:20:940S190219
:25:NL08RABO0341360953 EUR
:28C:19035
:60F:C190218EUR000000000000,00
:62F:C190219EUR000000000000,00
:20:940S190220
:25:NL08RABO0341360953 EUR
:28C:19036
:60F:C190219EUR000000000000,00
:62F:C190220EUR000000000000,00
:20:940S190221
:25:NL08RABO0341360953 EUR
:28C:19037
:60F:C190220EUR000000000000,00
:62F:C190221EUR000000000000,00
:20:940S190222
:25:NL08RABO0341360953 EUR
:28C:19038
:60F:C190221EUR000000000000,00
:62F:C190222EUR000000000000,00
:20:940S190225
:25:NL08RABO0341360953 EUR
:28C:19039
:60F:C190222EUR000000000000,00
:62F:C190225EUR000000000000,00
:20:940S190226
:25:NL08RABO0341360953 EUR
:28C:19040
:60F:C190225EUR000000000000,00
:62F:C190226EUR000000000000,00
:20:940S190227
:25:NL08RABO0341360953 EUR
:28C:19041
:60F:C190226EUR000000000000,00
:62F:C190227EUR000000000000,00
:20:940S190228
:25:NL08RABO0341360953 EUR
:28C:19042
:60F:C190227EUR000000000000,00
:62F:C190228EUR000000000000,00
:20:940S190301
:25:NL08RABO0341360953 EUR
:28C:19043
:60F:C190228EUR000000000000,00
:62F:C190301EUR000000000000,00
:20:940S190304
:25:NL08RABO0341360953 EUR
:28C:19044
:60F:C190301EUR000000000000,00
:62F:C190304EUR000000000000,00
:20:940S190305
:25:NL08RABO0341360953 EUR
:28C:19045
:60F:C190304EUR000000000000,00
:62F:C190305EUR000000000000,00
:20:940S190306
:25:NL08RABO0341360953 EUR
:28C:19046
:60F:C190305EUR000000000000,00
:62F:C190306EUR000000000000,00
:20:940S190307
:25:NL08RABO0341360953 EUR
:28C:19047
:60F:C190306EUR000000000000,00
:62F:C190307EUR000000000000,00
:20:940S190308
:25:NL08RABO0341360953 EUR
:28C:19048
:60F:C190307EUR000000000000,00
:62F:C190308EUR000000000000,00
:20:940S190311
:25:NL08RABO0341360953 EUR
:28C:19049
:60F:C190308EUR000000000000,00
:62F:C190311EUR000000000000,00
:20:940S190312
:25:NL08RABO0341360953 EUR
:28C:19050
:60F:C190311EUR000000000000,00
:62F:C190312EUR000000000000,00
:20:940S190313
:25:NL08RABO0341360953 EUR
:28C:19051
:60F:C190312EUR000000000000,00
:62F:C190313EUR000000000000,00
:20:940S190314
:25:NL08RABO0341360953 EUR
:28C:19052
:60F:C190313EUR000000000000,00
:62F:C190314EUR000000000000,00
:20:940S190315
:25:NL08RABO0341360953 EUR
:28C:19053
:60F:C190314EUR000000000000,00
:62F:C190315EUR000000000000,00
:20:940S190316
:25:NL08RABO0341360953 EUR
:28C:19054
:60F:C190315EUR000000000000,00
:62F:C190316EUR000000000000,00
:20:940S190317
:25:NL08RABO0341360953 EUR
:28C:19055
:60F:C190316EUR000000000000,00
:62F:C190317EUR000000000000,00
:20:940S190318
:25:NL08RABO0341360953 EUR
:28C:19056
:60F:C190317EUR000000000000,00
:62F:C190318EUR000000000000,00
:20:940S190319
:25:NL08RABO0341360953 EUR
:28C:19057
:60F:C190318EUR000000000000,00
:62F:C190319EUR000000000000,00
:20:940S190320
:25:NL08RABO0341360953 EUR
:28C:19058
:60F:C190319EUR000000000000,00
:62F:C190320EUR000000000000,00
:20:940S190321
:25:NL08RABO0341360953 EUR
:28C:19059
:60F:C190320EUR000000000000,00
:62F:C190321EUR000000000000,00
:20:940S190322
:25:NL08RABO0341360953 EUR
:28C:19060
:60F:C190321EUR000000000000,00
:62F:C190322EUR000000000000,00
:20:940S190323
:25:NL08RABO0341360953 EUR
:28C:19061
:60F:C190322EUR000000000000,00
:62F:C190323EUR000000000000,00
:20:940S190324
:25:NL08RABO0341360953 EUR
:28C:19062
:60F:C190323EUR000000000000,00
:62F:C190324EUR000000000000,00
:20:940S190325
:25:NL08RABO0341360953 EUR
:28C:19063
:60F:C190324EUR000000000000,00
:62F:C190325EUR000000000000,00
:20:940S190326
:25:NL08RABO0341360953 EUR
:28C:19064
:60F:C190325EUR000000000000,00
:62F:C190326EUR000000000000,00
:20:940S190327
:25:NL08RABO0341360953 EUR
:28C:19065
:60F:C190326EUR000000000000,00
:62F:C190327EUR000000000000,00
:20:940S190328
:25:NL08RABO0341360953 EUR
:28C:19066
:60F:C190327EUR000000000000,00
:62F:C190328EUR000000000000,00
:20:940S190329
:25:NL08RABO0341360953 EUR
:28C:19067
:60F:C190328EUR000000000000,00
:62F:C190329EUR000000000000,00
:20:940S190330
:25:NL08RABO0341360953 EUR
:28C:19068
:60F:C190329EUR000000000000,00
:62F:C190330EUR000000000000,00
:20:940S190331
:25:NL08RABO0341360953 EUR
:28C:19069
:60F:C190330EUR000000000000,00
:62F:C190331EUR000000000000,00
:20:940S190401
:25:NL08RABO0341360953 EUR
:28C:19070
:60F:C190331EUR000000000000,00
:62F:C190401EUR000000000000,00
:20:940S190402
:25:NL08RABO0341360953 EUR
:28C:19071
:60F:C190401EUR000000000000,00
:62F:C190402EUR000000000000,00
:20:940S190403
:25:NL08RABO0341360953 EUR
:28C:19072
:60F:C190402EUR000000000000,00
:62F:C190403EUR000000000000,00
:20:940S190404
:25:NL08RABO0341360953 EUR
:28C:19073
:60F:C190403EUR000000000000,00
:62F:C190404EUR000000000000,00
:20:940S190405
:25:NL08RABO0341360953 EUR
:28C:19074
:60F:C190404EUR000000000000,00
:62F:C190405EUR000000000000,00
:20:940S190406
:25:NL08RABO0341360953 EUR
:28C:19075
:60F:C190405EUR000000000000,00
:62F:C190406EUR000000000000,00
:20:940S190407
:25:NL08RABO0341360953 EUR
:28C:19076
:60F:C190406EUR000000000000,00
:62F:C190407EUR000000000000,00
:20:940S190408
:25:NL08RABO0341360953 EUR
:28C:19077
:60F:C190407EUR000000000000,00
:62F:C190408EUR000000000000,00
:20:940S190409
:25:NL08RABO0341360953 EUR
:28C:19078
:60F:C190408EUR000000000000,00
:62F:C190409EUR000000000000,00
:20:940S190410
:25:NL08RABO0341360953 EUR
:28C:19079
:60F:C190409EUR000000000000,00
:62F:C190410EUR000000000000,00
:20:940S190411
:25:NL08RABO0341360953 EUR
:28C:19080
:60F:C190410EUR000000000000,00
:62F:C190411EUR000000000000,00
:20:940S190412
:25:NL08RABO0341360953 EUR
:28C:19081
:60F:C190411EUR000000000000,00
:62F:C190412EUR000000000000,00
:20:940S190413
:25:NL08RABO0341360953 EUR
:28C:19082
:60F:C190412EUR000000000000,00
:62F:C190413EUR000000000000,00
:20:940S190414
:25:NL08RABO0341360953 EUR
:28C:19083
:60F:C190413EUR000000000000,00
:62F:C190414EUR000000000000,00
:20:940S190415
:25:NL08RABO0341360953 EUR
:28C:19084
:60F:C190414EUR000000000000,00
:62F:C190415EUR000000000000,00
:20:940S190416
:25:NL08RABO0341360953 EUR
:28C:19085
:60F:C190415EUR000000000000,00
:62F:C190416EUR000000000000,00
:20:940S190417
:25:NL08RABO0341360953 EUR
:28C:19086
:60F:C190416EUR000000000000,00
:62F:C190417EUR000000000000,00
:20:940S190418
:25:NL08RABO0341360953 EUR
:28C:19087
:60F:C190417EUR000000000000,00
:62F:C190418EUR000000000000,00
:20:940S190419
:25:NL08RABO0341360953 EUR
:28C:19088
:60F:C190418EUR000000000000,00
:62F:C190419EUR000000000000,00
:20:940S190420
:25:NL08RABO0341360953 EUR
:28C:19089
:60F:C190419EUR000000000000,00
:62F:C190420EUR000000000000,00
:20:940S190421
:25:NL08RABO0341360953 EUR
:28C:19090
:60F:C190420EUR000000000000,00
:62F:C190421EUR000000000000,00
:20:940S190422
:25:NL08RABO0341360953 EUR
:28C:19091
:60F:C190421EUR000000000000,00
:62F:C190422EUR000000000000,00
:20:940S190423
:25:NL08RABO0341360953 EUR
:28C:19092
:60F:C190422EUR000000000000,00
:62F:C190423EUR000000000000,00
:20:940S190424
:25:NL08RABO0341360953 EUR
:28C:19093
:60F:C190423EUR000000000000,00
:62F:C190424EUR000000000000,00
:20:940S190425
:25:NL08RABO0341360953 EUR
:28C:19094
:60F:C190424EUR000000000000,00
:62F:C190425EUR000000000000,00
:20:940S190426
:25:NL08RABO0341360953 EUR
:28C:19095
:60F:C190425EUR000000000000,00
:62F:C190426EUR000000000000,00
:20:940S190427
:25:NL08RABO0341360953 EUR
:28C:19096
:60F:C190426EUR000000000000,00
:62F:C190427EUR000000000000,00
:20:940S190428
:25:NL08RABO0341360953 EUR
:28C:19097
:60F:C190427EUR000000000000,00
:62F:C190428EUR000000000000,00
:20:940S190429
:25:NL08RABO0341360953 EUR
:28C:19098
:60F:C190428EUR000000000000,00
:62F:C190429EUR000000000000,00
:20:940S190430
:25:NL08RABO0341360953 EUR
:28C:19099
:60F:C190429EUR000000000000,00
:62F:C190430EUR000000000000,00
:20:940S190501
:25:NL08RABO0341360953 EUR
:28C:19100
:60F:C190430EUR000000000000,00
:62F:C190501EUR000000000000,00
:20:940S190502
:25:NL08RABO0341360953 EUR
:28C:19101
:60F:C190501EUR000000000000,00
:62F:C190502EUR000000000000,00
:20:940S190503
:25:NL08RABO0341360953 EUR
:28C:19102
:60F:C190502EUR000000000000,00
:62F:C190503EUR000000000000,00
:20:940S190504
:25:NL08RABO0341360953 EUR
:28C:19103
:60F:C190503EUR000000000000,00
:62F:C190504EUR000000000000,00
:20:940S190505
:25:NL08RABO0341360953 EUR
:28C:19104
:60F:C190504EUR000000000000,00
:62F:C190505EUR000000000000,00
:20:940S190506
:25:NL08RABO0341360953 EUR
:28C:19105
:60F:C190505EUR000000000000,00
:62F:C190506EUR000000000000,00
:64:C190506EUR000000000000,00
:65:C190507EUR000000000000,00
:65:C190508EUR000000000000,00
:65:C190509EUR000000000000,00
:65:C190510EUR000000000000,00
:20:940S190507
:25:NL08RABO0341360953 EUR
:28C:19106
:60F:C190506EUR000000000000,00
:62F:C190507EUR000000000000,00
:64:C190507EUR000000000000,00
:65:C190508EUR000000000000,00
:65:C190509EUR000000000000,00
:65:C190510EUR000000000000,00
:65:C190511EUR000000000000,00
:20:940S190508
:25:NL08RABO0341360953 EUR
:28C:19107
:60F:C190507EUR000000000000,00
:62F:C190508EUR000000000000,00
:64:C190508EUR000000000000,00
:65:C190509EUR000000000000,00
:65:C190510EUR000000000000,00
:65:C190511EUR000000000000,00
:65:C190512EUR000000000000,00
:20:940S190509
:25:NL08RABO0341360953 EUR
:28C:19108
:60F:C190508EUR000000000000,00
:62F:C190509EUR000000000000,00
:64:C190509EUR000000000000,00
:65:C190510EUR000000000000,00
:65:C190511EUR000000000000,00
:65:C190512EUR000000000000,00
:65:C190513EUR000000000000,00
:20:940S190510
:25:NL08RABO0341360953 EUR
:28C:19109
:60F:C190509EUR000000000000,00
:61:190510C000000000449,80N541EREF//15388552595
NL10RABO0317335375
:86:/EREF/REF19/254/27 2019028/TRCD/541/ORDP//NAME/SVB Dienstverlenin
g PGB/REMI/BETALINGSKENM.: 2019028, ONZE REF.: 37296269, TOELICHT
ING: Woude/ISDT/2019-05-10
:61:190510D000000000133,10N544NONREF//OO9T000115491699
NL20RABO0315674652
:86:/TRCD/544/BENM//NAME/Vitrina bv/REMI/Factuurnummer: 2191640, Zorg
buro Altun/ISDT/2019-05-10
:61:190510D000000000108,90N544NONREF//OO9T000115491700
NL20RABO0315674652
:86:/TRCD/544/BENM//NAME/Vitrina Bv/REMI/Factuurnummer 2191641, Zorgb
uro Altun/ISDT/2019-05-10
:61:190510D000000000070,65N547NONREF//OO9T000115496547
NL29INGB0004637650
:86:/TRCD/547/BENM//NAME/Dansstudio Dentro/REMI/Hip hop T.Celik Mei,J
uni,juli 2019/ISDT/2019-05-10
:61:190510D000000000015,65N030NONREF//H331T4151032130B
0000000000
:86:/TRCD/030/BENM//NAME/McDonald's Alkmaar ALKMAAR/REMI/Betaalautoma
at 15:10 pasnr. 012
:61:190510C000000014589,75N541NONREF//15388895074
NL91ABNA0514116188
:86:/TRCD/541/ORDP//NAME/N ALTUN/REMI/Overboeken nieuw rekening/ISDT/
2019-05-10
:61:190510D000000000014,85N030NONREF//409R0X163634130B
0000000000
:86:/TRCD/030/BENM//NAME/Royal Market HEERHUGOWAARD/REMI/Betaalautoma
at 16:36 pasnr. 012
:61:190510D000000000022,56N030NONREF//1ZYB92172255130B
0000000000
:86:/TRCD/030/BENM//NAME/Albert Heijn 1269 HEERHUGOWAARD/REMI/Betaala
utomaat 17:22 pasnr. 012
:61:190510D000000000007,00N030NONREF//20DK6G172612130B
0000000000
:86:/TRCD/030/BENM//NAME/Albert Heijn 1269 HEERHUGOWAARD/REMI/Betaala
utomaat 17:26 pasnr. 012
:62F:C190510EUR000000014666,84
:64:C190510EUR000000014666,84
:65:C190511EUR000000014666,84
:65:C190512EUR000000014666,84
:65:C190513EUR000000014666,84
:65:C190514EUR000000014666,84
:20:940S190511
:25:NL08RABO0341360953 EUR
:28C:19110
:60F:C190510EUR000000014666,84
:61:190511D000000000035,15N002NONREF//7225958613091613
0000000000
:86:/TRCD/002/BENM//NAME/Action 1022 Alkmaar/REMI/Betaalautomaat 13:0
9 pasnr. 012
:61:190511D000000000008,79N002NONREF//52M2P2131407131B
0000000000
:86:/TRCD/002/BENM//NAME/Albert Heijn 1385 ALKMAAR/REMI/Betaalautomaa
t 13:14 pasnr. 012
:61:190511D000000000100,00N023NONREF//S1C203131844131G
0000000000
:86:/TRCD/023/BENM//NAME/ABN AMRO ALKMAAR/REMI/Geldautomaat 13:18 pas
nr. 012
:61:190511D000000000007,13N002NONREF//6Q4S26165944131B
0000000000
:86:/TRCD/002/BENM//NAME/Parkeren A'dam 19000 AMSTERDAM/REMI/Betaalau
tomaat 16:59 pasnr. 012
:62F:C190511EUR000000014515,77
:64:C190511EUR000000014515,77
:65:C190512EUR000000014515,77
:65:C190513EUR000000014515,77
:65:C190514EUR000000014515,77
:65:C190515EUR000000014515,77
:20:940S190512
:25:NL08RABO0341360953 EUR
:28C:19111
:60F:C190511EUR000000014515,77
:61:190512D000000000004,00N002NONREF//T18V25115520132B
0000000000
:86:/TRCD/002/BENM//NAME/Park. Straat Alkmaar ALKMAAR/REMI/Betaalauto
maat 11:55 pasnr. 012
:61:190512D000000000075,00N002NONREF//DX3M75130552132B
0000000000
:86:/TRCD/002/BENM//NAME/Hwa Xia Acupunctuur Kl ALKMAAR/REMI/Betaalau
tomaat 13:05 pasnr. 012
:62F:C190512EUR000000014436,77
:64:C190512EUR000000014436,77
:65:C190513EUR000000014436,77
:65:C190514EUR000000014436,77
:65:C190515EUR000000014436,77
:65:C190516EUR000000014436,77
:20:940S190513
:25:NL08RABO0341360953 EUR
:28C:19112
:60F:C190512EUR000000014436,77
:61:190513D000000000097,01N002NONREF//2S6D01123819133B
0000000000
:86:/TRCD/002/BENM//NAME/ICI Paris XL 7128 ZAANDAM/REMI/Betaalautomaa
t 12:38 pasnr. 012
:61:190513D000000000006,95N002NONREF//CJG9DM133056133B
0000000000
:86:/TRCD/002/BENM//NAME/Subway Zaandam ZAANDAM/REMI/Betaalautomaat 1
3:30 pasnr. 012
:61:190513D000000000006,40N002NONREF//CT39861413465813
0000000000
:86:/TRCD/002/BENM//NAME/Q PARK HERMITAGE ZAANDAM/REMI/Betaalautomaat
 13:46 pasnr. 012
:62F:C190513EUR000000014326,41
:64:C190513EUR000000014326,41
:65:C190514EUR000000014326,41
:65:C190515EUR000000014326,41
:65:C190516EUR000000014326,41
:65:C190517EUR000000014326,41
:20:940S190514
:25:NL08RABO0341360953 EUR
:28C:19113
:60F:C190513EUR000000014326,41
:61:190514D000000000200,00N544NONREF//OO9T000117860661
NL80RABO0331365553
:86:/TRCD/544/BENM//NAME/123Onlineboekhouding/REMI/Factuurnummer: 201
90050, Zorgburo Altun, maand mei 2019/ISDT/2019-05-14
:61:190514D000000000108,90N544NONREF//OO9T000117860662
NL50ABNA0811013944
:86:/TRCD/544/BENM//NAME/Saarl Superschoon/REMI/Factuurnummer: 2019-0
34, Zorgburo Altun, periode april 2019/ISDT/2019-05-14
:61:190514D000000013000,00N505NONREF
NL81RABO1479887439
:86:/TRCD/505/BENM//NAME/ZORGBURO ALTUN/ISDT/2019-05-14
:62F:C190514EUR000000001017,51
:64:C190514EUR000000001017,51
:65:C190515EUR000000001017,51
:65:C190516EUR000000001017,51
:65:C190517EUR000000001017,51
:65:C190518EUR000000001017,51
:20:940S190515
:25:NL08RABO0341360953 EUR
:28C:19114
:60F:C190514EUR000000001017,51
:61:190515D000000000016,25N002NONREF//H331T4131630135B
0000000000
:86:/TRCD/002/BENM//NAME/McDonald's Alkmaar ALKMAAR/REMI/Betaalautoma
at 13:16 pasnr. 012
:61:190515D000000000077,60N544NONREF//O9098401384
NL03COBA0733959717
:86:/TRCD/544/BENM//NAME/T-MOBILE netherlands b.v./REMI/Klantnummer: 
1.17725112 Factuurnummer: 901349219420 Betalingskenmerk: 1000 901
3 4921 9420/ISDT/2019-05-15
:61:190515D000000000127,36N544NONREF//O9098401383
NL03COBA0733959717
:86:/TRCD/544/BENM//NAME/T-Mobile/REMI/Factuurnummer: 901346913843, k
lantnummer: 1.17725112/ISDT/2019-05-15
:61:190515D000000000000,01N025EREF//TIA429314663
NL19DEUT0319821366
:86:/EREF/15-05-2019 14:24 1030000057770719/TRCD/025/BENM//NAME/Yello
wbrick BV/REMI/1557923014104 1030000057770719 1557923014104 - yel
lowbrick.nl x0953 pasnr.012/PURP//CD/EPAY/ISDT/2019-05-15
:61:190515D000000000111,00N002NONREF//R3X484155224135B
0000000000
:86:/TRCD/002/BENM//NAME/Stichting Kringloop ALKMAAR/REMI/Betaalautom
aat 15:52 pasnr. 012
:61:190515C000000000036,15N541EREF//15404074009
NL40INGB0652308392
:86:/EREF/ONVW-327-15052019-4495-BO276756/TRCD/541/ORDP//NAME/B Yurtk
ap/REMI/Kosten schoonmaakmiddelen/ISDT/2019-05-15
:61:190515D000000000023,07N002NONREF//SZ12JY174235135B
0000000000
:86:/TRCD/002/BENM//NAME/Holland & Barrett HEERHUGOWAARD/REMI/Betaala
utomaat 17:42 pasnr. 012
:61:190515D000000000006,56N002NONREF//99S9KR175019135B
0000000000
:86:/TRCD/002/BENM//NAME/Columbus HEERHUGOWAARD/REMI/Betaalautomaat 1
7:50 pasnr. 012
:61:190515D000000000001,20N002NONREF//00R9HP175351135B
0000000000
:86:/TRCD/002/BENM//NAME/Parking Zuidtangent HEERHUGOWAARD/REMI/Betaa
lautomaat 17:53 pasnr. 012
:62F:C190515EUR000000000690,61
:64:C190515EUR000000000690,61
:65:C190516EUR000000000690,61
:65:C190517EUR000000000690,61
:65:C190518EUR000000000690,61
:65:C190519EUR000000000690,61
:20:940S190516
:25:NL08RABO0341360953 EUR
:28C:19115
:60F:C190515EUR000000000690,61
:61:190516C000000004223,52N541EREF//15407041449
NL10RABO0317335375
:86:/EREF/REF19/264/8 2019030/TRCD/541/ORDP//NAME/SVB Dienstverlening
 PGB/REMI/BETALINGSKENM.: 2019030, ONZE REF.: 37291407, TOELICHTI
NG: Celik/ISDT/2019-05-16
:61:190516C000000000434,97N541EREF//15407041480
NL10RABO0317335375
:86:/EREF/REF19/264/39 2019031/TRCD/541/ORDP//NAME/SVB Dienstverlenin
g PGB/REMI/BETALINGSKENM.: 2019031, ONZE REF.: 37308202, TOELICHT
ING: Yalcin/ISDT/2019-05-16
:61:190516C000000003308,13N541EREF//15407041485
NL10RABO0317335375
:86:/EREF/REF19/264/44 2019027/TRCD/541/ORDP//NAME/SVB Dienstverlenin
g PGB/REMI/BETALINGSKENM.: 2019027, ONZE REF.: 37296265, TOELICHT
ING: Yurtkap/ISDT/2019-05-16
:61:190516C000000003252,06N541EREF//15407072193
NL10RABO0317335375
:86:/EREF/REF19/263/3604 2019029/TRCD/541/ORDP//NAME/SVB Dienstverlen
ing PGB/REMI/BETALINGSKENM.: 2019029, ONZE REF.: 37345851, TOELIC
HTING: Yurtkap/ISDT/2019-05-16
:61:190516D000000000009,00N002NONREF//1Q85Q5141428136B
0000000000
:86:/TRCD/002/BENM//NAME/Cigkoftem Vugtlaan AMSTERDAM/REMI/Betaalauto
maat 14:14 pasnr. 012
:61:190516D000000000063,97N002NONREF//MK6LR6161614136B
0000000000
:86:/TRCD/002/BENM//NAME/TAMOIL ALKMAAR ALKMAAR/REMI/Betaalautomaat 1
6:16 pasnr. 012
:61:190516D000000000048,80N030NONREF//13C571175427136B
0000000000
:86:/TRCD/030/BENM//NAME/Kringloop Rataplan HEERHUGOWAARD/REMI/Betaal
automaat 17:54 pasnr. 012
:62F:C190516EUR000000011787,52
:64:C190516EUR000000011787,52
:65:C190517EUR000000011787,52
:65:C190518EUR000000011787,52
:65:C190519EUR000000011787,52
:65:C190520EUR000000011787,52
:20:940S190517
:25:NL08RABO0341360953 EUR
:28C:19116
:60F:C190516EUR000000011787,52
:61:190517C000000003308,13N541EREF//15411353113
NL10RABO0317335375
:86:/EREF/REF19/266/3302 20190278/TRCD/541/ORDP//NAME/SVB Dienstverle
ning PGB/REMI/BETALINGSKENM.: 20190278, ONZE REF.: 37350698, TOEL
ICHTING: Yurtkap/ISDT/2019-05-17
:61:190517D000000000300,00N030NONREF//6GGV13184659137B
0000000000
:86:/TRCD/030/BENM//NAME/DEKAMARKT LOC 874 HEERHUGOWAARD/REMI/Betaala
utomaat 18:46 pasnr. 012
:61:190517D000000000043,82N002NONREF//ZQX800190556137B
0000000000
:86:/TRCD/002/BENM//NAME/BIGBAZAR-H'HUGOWAARD HEERHUGOWAARD/REMI/Beta
alautomaat 19:05 pasnr. 012
:62F:C190517EUR000000014751,83
:64:C190517EUR000000014751,83
:65:C190518EUR000000014751,83
:65:C190519EUR000000014751,83
:65:C190520EUR000000014751,83
:65:C190521EUR000000014751,83
:20:940S190518
:25:NL08RABO0341360953 EUR
:28C:19117
:60F:C190517EUR000000014751,83
:61:190518D000000000005,05N002NONREF//34TDD9141251138B
0000000000
:86:/TRCD/002/BENM//NAME/Intratuin Halsteren HALSTEREN/REMI/Betaalaut
omaat 14:12 pasnr. 012
:61:190518D000000000003,10N002NONREF//2N0SC8151838138B
0000000000
:86:/TRCD/002/BENM//NAME/TMC*P - BOZ - 140207 BERGEN OP ZOO/REMI/Beta
alautomaat 15:18 pasnr. 012
:61:190518D000000001000,00N547NONREF//OO9T000120892072
NL77RABO0341369799
:86:/TRCD/547/BENM//NAME/N Altun/ISDT/2019-05-18
:62F:C190518EUR000000013743,68
:64:C190518EUR000000013743,68
:65:C190519EUR000000013743,68
:65:C190520EUR000000013743,68
:65:C190521EUR000000013743,68
:65:C190522EUR000000013743,68
:20:940S190519
:25:NL08RABO0341360953 EUR
:28C:19118
:60F:C190518EUR000000013743,68
:62F:C190519EUR000000013743,68
:64:C190519EUR000000013743,68
:65:C190520EUR000000013743,68
:65:C190521EUR000000013743,68
:65:C190522EUR000000013743,68
:65:C190523EUR000000013743,68
:20:940S190520
:25:NL08RABO0341360953 EUR
:28C:19119
:60F:C190519EUR000000013743,68
:61:190520D000000000161,85N102EREF//TIB330624729
NL59ABNA0626226163
:86:/EREF/20-05-2019 10:01 0030004043913687/TRCD/102/BENM//NAME/World
Pay Customer Payments/REMI/10043484463 0030004043913687 Betaling 
van uw boeking 14416661 000462TravelGenio S.L. x0953 pasnr.012/PU
RP//CD/EPAY/ISDT/2019-05-20
:62F:C190520EUR000000013581,83
:64:C190520EUR000000013581,83
:65:C190521EUR000000013581,83
:65:C190522EUR000000013581,83
:65:C190523EUR000000013581,83
:65:C190524EUR000000013581,83
:20:940S190521
:25:NL08RABO0341360953 EUR
:28C:19120
:60F:C190520EUR000000013581,83
:61:190521D000000000013,00N064MARF//15421020240
NL20ABNA0426194241
:86:/MARF/H05883-1/EREF/1905210588334295/TRCD/064/ORDP//NAME/PZN B V/
REMI/PerSaldo Hulpgids 4032871/CSID/NL45ZZZ342178680000
:61:190521D000000000001,60N002NONREF//CT39861312223214
0000000000
:86:/TRCD/002/BENM//NAME/Q PARK HERMITAGE ZAANDAM/REMI/Betaalautomaat
 12:22 pasnr. 012
:61:190521D000000000233,53N547NONREF//O9102051833
NL13ABNA0582479991
:86:/TRCD/547/BENM//NAME/Densite Webdesign/REMI/1480/2018356 klantnum
mer 1480/ISDT/2019-05-21
:61:190521D000000000065,95N547NONREF//O9102111923
NL31COBA0637053788
:86:/TRCD/547/BENM//NAME/TELE2 nederland b.v./REMI/Transactienummer N
L 1907161181/ISDT/2019-05-21
:61:190521D000000000028,35N547NONREF//OO9T000122839537
NL13ABNA0582479991
:86:/TRCD/547/BENM//NAME/Densite Webdesign/REMI/Factuurnummer 2018271
 Klantnummer 1480/ISDT/2019-05-21
:61:190521D000000000011,40N002NONREF//0S7CC0160824141B
0000000000
:86:/TRCD/002/BENM//NAME/Bagels & Beans HEERHUGOWAARD/REMI/Betaalauto
maat 16:08 pasnr. 012
:61:190521D000000000001,80N002NONREF//00R9HP162825141B
0000000000
:86:/TRCD/002/BENM//NAME/Parking Zuidtangent HEERHUGOWAARD/REMI/Betaa
lautomaat 16:28 pasnr. 012
:61:190521D000000000010,29N002NONREF//409R0X200647141B
0000000000
:86:/TRCD/002/BENM//NAME/Royal Market HEERHUGOWAARD/REMI/Betaalautoma
at 20:06 pasnr. 012
:61:190521D000000000007,00N002NONREF//5WVG06200912141B
0000000000
:86:/TRCD/002/BENM//NAME/Vomar Raadhuisplein HEERHUGOWAARD/REMI/Betaa
lautomaat 20:09 pasnr. 012
:62F:C190521EUR000000013208,91
:64:C190521EUR000000013208,91
:65:C190522EUR000000013208,91
:65:C190523EUR000000013208,91
:65:C190524EUR000000013208,91
:65:C190525EUR000000013208,91
:20:940S190522
:25:NL08RABO0341360953 EUR
:28C:19121
:60F:C190521EUR000000013208,91
:61:190522D000000000040,20N002NONREF//FBH60P165446142B
0000000000
:86:/TRCD/002/BENM//NAME/Ling Jin ALKMAAR/REMI/Betaalautomaat 16:54 p
asnr. 012
:62F:C190522EUR000000013168,71
:64:C190522EUR000000013168,71
:65:C190523EUR000000013168,71
:65:C190524EUR000000013168,71
:65:C190525EUR000000013168,71
:65:C190526EUR000000013168,71
:20:940S190523
:25:NL08RABO0341360953 EUR
:28C:19122
:60F:C190522EUR000000013168,71
:61:190523C000000000310,39N541EREF//15443191678
NL10RABO0317335375
:86:/EREF/REF19/273/88 2019034/TRCD/541/ORDP//NAME/SVB Dienstverlenin
g PGB/REMI/BETALINGSKENM.: 2019034, ONZE REF.: 37296268, TOELICHT
ING: Yurtkap/ISDT/2019-05-23
:61:190524D000000000414,76N544NONREF//O9103535185
NL22ABNA0602325544
:86:/TRCD/544/BENM//NAME/Domavest B.V./REMI/Factuurnummer: 21930154 D
ebiteurennummer: 61001 Juni 2019 kantoorruimte 2.03 Zorgburo Altu
n/ISDT/2019-05-24
:61:190524D000000000408,74N544NONREF//O9103535184
NL22ABNA0602325544
:86:/TRCD/544/BENM//NAME/Domavest B.V./REMI/Factuurnummer: 21930153, 
debiteurennummer: 61000Zorgburo Altun juni 2019 kantoorruimte 2.0
1/ISDT/2019-05-24
:61:190523D000000000003,20N002NONREF//7K980M171415143B
0000000000
:86:/TRCD/002/BENM//NAME/Vlaamse Hoek ALKMAAR/REMI/Betaalautomaat 17:
14 pasnr. 012
:61:190523D000000000008,70N002NONREF//6N50G1192951143B
0000000000
:86:/TRCD/002/BENM//NAME/Albert Heijn 1075 ALKMAAR/REMI/Betaalautomaa
t 19:29 pasnr. 012
:62F:C190523EUR000000012643,70
:64:C190523EUR000000013467,20
:65:C190524EUR000000012643,70
:65:C190525EUR000000012643,70
:65:C190526EUR000000012643,70
:65:C190527EUR000000012643,70
:20:940S190524
:25:NL08RABO0341360953 EUR
:28C:19123
:60F:C190523EUR000000012643,70
:61:190524D000000000006,66N064MARF//15439735248
NL96ABNA0401863042
:86:/MARF/5000017003001/EREF/SLDD-0308590-5650839556/TRCD/064/ORDP//N
AME/TRAVELCARD/REMI/N00416927/CSID/NL59ZZZ390373820000
:61:190524C000000000198,83N541EREF//15460260147
NL10RABO0317335375
:86:/EREF/REF19/280/13564 394925/mei-19/TRCD/541/ORDP//NAME/SVB Diens
tverlening PGB/REMI/BETALINGSKENM.: 394925/mei-19, ONZE REF.: 374
03884, TOELICHTING: Heistek/ISDT/2019-05-24
:61:190524C000000000254,15N541EREF//15460260408
NL10RABO0317335375
:86:/EREF/REF19/280/3535 348201/mei-19/TRCD/541/ORDP//NAME/SVB Dienst
verlening PGB/REMI/BETALINGSKENM.: 348201/mei-19, ONZE REF.: 3739
1935, TOELICHTING: Yurtkap/ISDT/2019-05-24
:61:190524C000000000449,80N541EREF//15460262697
NL10RABO0317335375
:86:/EREF/REF19/280/11938 387603/mei-19/TRCD/541/ORDP//NAME/SVB Diens
tverlening PGB/REMI/BETALINGSKENM.: 387603/mei-19, ONZE REF.: 374
02548, TOELICHTING: Birben/ISDT/2019-05-24
:61:190524C000000000899,60N541EREF//15460267695
NL10RABO0317335375
:86:/EREF/REF19/280/6765 365157/mei-19/TRCD/541/ORDP//NAME/SVB Dienst
verlening PGB/REMI/BETALINGSKENM.: 365157/mei-19, ONZE REF.: 3739
3269, TOELICHTING: Kelesoglu/ISDT/2019-05-24
:61:190524C000000000974,56N541EREF//15460269843
NL10RABO0317335375
:86:/EREF/REF19/280/12294 389113/mei-19/TRCD/541/ORDP//NAME/SVB Diens
tverlening PGB/REMI/BETALINGSKENM.: 389113/mei-19, ONZE REF.: 374
01651, TOELICHTING: Taha Rafik Mohamad/ISDT/2019-05-24
:61:190524C000000000224,90N541EREF//15460265387
NL10RABO0317335375
:86:/EREF/REF19/280/12455 389853/mei-19/TRCD/541/ORDP//NAME/SVB Diens
tverlening PGB/REMI/BETALINGSKENM.: 389853/mei-19, ONZE REF.: 374
04303, TOELICHTING: Bayram/ISDT/2019-05-24
:61:190524C000000000620,53N541EREF//15460250985
NL10RABO0317335375
:86:/EREF/REF19/278/7786 182608/mei-19/TRCD/541/ORDP//NAME/SVB Dienst
verlening PGB/REMI/BETALINGSKENM.: 182608/mei-19, ONZE REF.: 3738
8337, TOELICHTING: Gulten/ISDT/2019-05-24
:61:190524D000000000002,20N002NONREF//Y6PK48170511144B
0000000000
:86:/TRCD/002/BENM//NAME/Hoogland Alkmaar B.V ALKMAAR/REMI/Betaalauto
maat 17:05 pasnr. 012
:61:190524D000000000550,00N547NONREF//OO9T000126292809
NL77RABO0341369799
:86:/TRCD/547/BENM//NAME/N.altun/ISDT/2019-05-24
:62F:C190524EUR000000015707,21
:64:C190524EUR000000015707,21
:65:C190525EUR000000015707,21
:65:C190526EUR000000015707,21
:65:C190527EUR000000015707,21
:65:C190528EUR000000015707,21
:20:940S190525
:25:NL08RABO0341360953 EUR
:28C:19124
:60F:C190524EUR000000015707,21
:61:190525D000000000003,00N002NONREF//239FSZ154530145B
0000000000
:86:/TRCD/002/BENM//NAME/Serifoglu West AMSTERDAM/REMI/Betaalautomaat
 15:45 pasnr. 012
:61:190525D000000000037,41N002NONREF//257601183133145B
0000000000
:86:/TRCD/002/BENM//NAME/Vomar Meerwijk HAARLEM/REMI/Betaalautomaat 1
8:31 pasnr. 012
:61:190525D000000000002,27N002NONREF//257601183648145B
0000000000
:86:/TRCD/002/BENM//NAME/Vomar Meerwijk HAARLEM/REMI/Betaalautomaat 1
8:36 pasnr. 012
:61:190525D000000000041,00N030NONREF//DX567X205016145B
0000000000
:86:/TRCD/030/BENM//NAME/Birtat Restaurant AMSTERDAM/REMI/Betaalautom
aat 20:50 pasnr. 012
:62F:C190525EUR000000015623,53
:64:C190525EUR000000015623,53
:65:C190526EUR000000015623,53
:65:C190527EUR000000015623,53
:65:C190528EUR000000015623,53
:65:C190529EUR000000015623,53
:20:940S190526
:25:NL08RABO0341360953 EUR
:28C:19125
:60F:C190525EUR000000015623,53
:62F:C190526EUR000000015623,53
:64:C190526EUR000000015623,53
:65:C190527EUR000000015623,53
:65:C190528EUR000000015623,53
:65:C190529EUR000000015623,53
:65:C190530EUR000000015623,53
:20:940S190527
:25:NL08RABO0341360953 EUR
:28C:19126
:60F:C190526EUR000000015623,53
:61:190527D000000000003,00N065MARF//15452597568
NL44RABO0157182622
:86:/MARF/29877/EREF/3000000000355091/TRCD/065/ORDP//NAME/Stichting D
e Opkikker/REMI/Hartelijk dank voor uw donatie, RELATIE/FACTUUR:8
0631/652035/CSID/NL44ZZZ412471690000
:61:190527D000000000040,00N544NONREF//OO9T000128142598
NL72SNSB0966400356
:86:/TRCD/544/BENM//NAME/SNS/REMI/Transactieoverzicht: jan 2019, feb 
2019, mrt 2019, apr 2019 en mei 2019 Rekeningnummer: NL60SNSB0939
497913/ISDT/2019-05-27
:61:190527D000000000011,50N002NONREF//S0Q75K140409147B
0000000000
:86:/TRCD/002/BENM//NAME/Bloem Bakkerij ALKMAAR/REMI/Betaalautomaat 1
4:04 pasnr. 012
:61:190527D000000000004,35N002NONREF//0S7CC0161904147B
0000000000
:86:/TRCD/002/BENM//NAME/Bagels & Beans HEERHUGOWAARD/REMI/Betaalauto
maat 16:19 pasnr. 012
:61:190527D000000000001,80N002NONREF//01HC34171336147B
0000000000
:86:/TRCD/002/BENM//NAME/Parking Zuidtangent HEERHUGOWAARD/REMI/Betaa
lautomaat 17:13 pasnr. 012
:62F:C190527EUR000000015562,88
:64:C190527EUR000000015562,88
:65:C190528EUR000000015562,88
:65:C190529EUR000000015562,88
:65:C190530EUR000000015562,88
:65:C190531EUR000000015562,88
:20:940S190528
:25:NL08RABO0341360953 EUR
:28C:19127
:60F:C190527EUR000000015562,88
:61:190528D000000000006,70N002NONREF//8V7VJG151108148B
0000000000
:86:/TRCD/002/BENM//NAME/Stroming HEERHUGOWAARD/REMI/Betaalautomaat 1
5:11 pasnr. 012
:61:190528D000000000056,86N002NONREF//W7M0RL162120148B
0000000000
:86:/TRCD/002/BENM//NAME/Lidl 439 H'waard HEERHUGOWAARD/REMI/Betaalau
tomaat 16:21 pasnr. 012
:61:190528D000000000001,80N002NONREF//00R9HP163910148B
0000000000
:86:/TRCD/002/BENM//NAME/Parking Zuidtangent HEERHUGOWAARD/REMI/Betaa
lautomaat 16:39 pasnr. 012
:62F:C190528EUR000000015497,52
:64:C190528EUR000000015497,52
:65:C190529EUR000000015497,52
:65:C190530EUR000000015497,52
:65:C190531EUR000000015497,52
:65:C190601EUR000000015497,52
:20:940S190529
:25:NL08RABO0341360953 EUR
:28C:19128
:60F:C190528EUR000000015497,52
:61:190529D000000000028,80N002NONREF//8V7VJG142927149B
0000000000
:86:/TRCD/002/BENM//NAME/Stroming HEERHUGOWAARD/REMI/Betaalautomaat 1
4:29 pasnr. 012
:61:190529D000000000000,90N002NONREF//031XBV143120149B
0000000000
:86:/TRCD/002/BENM//NAME/Parking Coolplein HEERHUGOWAARD/REMI/Betaala
utomaat 14:31 pasnr. 012
:61:190529D000000004723,50N544NONREF//OO9T000130365388
NL30RABO0123998204
:86:/TRCD/544/BENM//NAME/Idris Alabas/REMI/Loon maand mei 2019/ISDT/2
019-05-29
:61:190530D000000001933,00N544NONREF//O9108257439
NL86INGB0002445588
:86:/TRCD/544/BENM//NAME/Belastingdienst Apeldoorn/REMI//CDTRREFTP//C
D/SCOR/ISSR/CUR/CDTRREF/9167791396901040/ISDT/2019-05-30
:61:190530D000000000267,54N544NONREF//O9108257438
NL63TRIO0786922559
:86:/TRCD/544/BENM//NAME/Lips MC/REMI/Loon maand mei 2019/ISDT/2019-0
5-30
:61:190530D000000000365,00N544NONREF//O9108257434
NL86INGB0002445588
:86:/TRCD/544/BENM//NAME/Belastingdienst Apeldoorn/REMI//CDTRREFTP//C
D/SCOR/ISSR/CUR/CDTRREF/1167791395901210/ISDT/2019-05-30
:61:190530D000000000446,72N544NONREF//O9108257437
NL27INGB0756969395
:86:/TRCD/544/BENM//NAME/Jerjis I/REMI/Loon maand mei 2019/ISDT/2019-
05-30
:61:190530D000000000370,08N544NONREF//O9108257436
NL46ABNA0512143242
:86:/TRCD/544/BENM//NAME/L.G.G. G. Gebremichael/REMI/Loon maand mei 2
019/ISDT/2019-05-30
:61:190529D000000000500,00N544NONREF//OO9T000130368972
NL77RABO0341369799
:86:/TRCD/544/BENM//NAME/N.Altun/ISDT/2019-05-29
:61:190529D000000006500,00N505NONREF
NL81RABO1479887439
:86:/TRCD/505/BENM//NAME/ZORGBURO ALTUN/ISDT/2019-05-29
:61:190529D000000000026,65N002NONREF//9YNM3Z191930149B
0000000000
:86:/TRCD/002/BENM//NAME/Royal Market HEERHUGOWAARD/REMI/Betaalautoma
at 19:19 pasnr. 012
:61:190529D000000000020,73N002NONREF//409R0X192749149B
0000000000
:86:/TRCD/002/BENM//NAME/Royal Market HEERHUGOWAARD/REMI/Betaalautoma
at 19:27 pasnr. 012
:61:190529D000000000036,42N002NONREF//5WVG04194428149B
0000000000
:86:/TRCD/002/BENM//NAME/Vomar Raadhuisplein HEERHUGOWAARD/REMI/Betaa
lautomaat 19:44 pasnr. 012
:61:190529D000000000007,00N002NONREF//5WVG06194603149B
0000000000
:86:/TRCD/002/BENM//NAME/Vomar Raadhuisplein HEERHUGOWAARD/REMI/Betaa
lautomaat 19:46 pasnr. 012
:62F:C190529EUR000000000271,18
:64:C190529EUR000000003653,52
:65:C190530EUR000000000271,18
:65:C190531EUR000000000271,18
:65:C190601EUR000000000271,18
:65:C190602EUR000000000271,18
:20:940S190530
:25:NL08RABO0341360953 EUR
:28C:19129
:60F:C190529EUR000000000271,18
:62F:C190530EUR000000000271,18
:64:C190530EUR000000000271,18
:65:C190531EUR000000000271,18
:65:C190601EUR000000000271,18
:65:C190602EUR000000000271,18
:65:C190603EUR000000000271,18
:20:940S190531
:25:NL08RABO0341360953 EUR
:28C:19130
:60F:C190530EUR000000000271,18
:61:190531D000000000040,90N064MARF//15487743418
NL91INGB0000274250
:86:/MARF/M10019042611/EREF/000002025633780/TRCD/064/ORDP//NAME/Telfo
rt Thuis/REMI/Factuur 26-05-2019, klantnummer 1001769758, Vragen?
 Zie telfort.nl/factuur./CSID/NL82TFT271247010003
:61:190531D000000000008,00N002NONREF//CT65378612245615
0000000000
:86:/TRCD/002/BENM//NAME/P3 VU Campus betaalaut AMSTERDAM/REMI/Betaal
automaat 12:24 pasnr. 012
:61:190531D000000000025,98N544NONREF//O9109102923
NL69INGB0008791440
:86:/TRCD/544/BENM//NAME/Tamara Danser/REMI/Eindrekening en vakantieg
eld Zorgburo Altun mei 2019/ISDT/2019-05-31
:61:190531C000000000524,76N541EREF//15502539439
NL10RABO0317335375
:86:/EREF/REF19/288/17 381157/mei-19/TRCD/541/ORDP//NAME/SVB Dienstve
rlening PGB/REMI/BETALINGSKENM.: 381157/mei-19, ONZE REF.: 374003
79, TOELICHTING: Ulu/ISDT/2019-05-31
:61:190531C000000000310,39N541EREF//15502467324
NL10RABO0317335375
:86:/EREF/REF19/289/2874 2019041/TRCD/541/ORDP//NAME/SVB Dienstverlen
ing PGB/REMI/BETALINGSKENM.: 2019041, ONZE REF.: 37426453, TOELIC
HTING: Yurtkap/ISDT/2019-05-31
:61:190531C000000000449,80N541EREF//15502468139
NL10RABO0317335375
:86:/EREF/REF19/289/3163 2019036/TRCD/541/ORDP//NAME/SVB Dienstverlen
ing PGB/REMI/BETALINGSKENM.: 2019036, ONZE REF.: 37426430, TOELIC
HTING: Woude/ISDT/2019-05-31
:61:190531D000000000083,00N002NONREF//S0Q75K142847151B
0000000000
:86:/TRCD/002/BENM//NAME/Bloem Bakkerij ALKMAAR/REMI/Betaalautomaat 1
4:28 pasnr. 012
:61:190531D000000000003,80N002NONREF//F7L9CS185732151B
0000000000
:86:/TRCD/002/BENM//NAME/Park.Gar. Schelphoek Alkmaar/REMI/Betaalauto
maat 18:57 pasnr. 012
:62F:C190531EUR000000001394,45
:64:C190531EUR000000001394,45
:65:C190601EUR000000001394,45
:65:C190602EUR000000001394,45
:65:C190603EUR000000001394,45
:65:C190604EUR000000001394,45
:20:940S190601
:25:NL08RABO0341360953 EUR
:28C:19131
:60F:C190531EUR000000001394,45
:62F:C190601EUR000000001394,45
:64:C190601EUR000000001394,45
:65:C190602EUR000000001394,45
:65:C190603EUR000000001394,45
:65:C190604EUR000000001394,45
:65:C190605EUR000000001394,45
:20:940S190602
:25:NL08RABO0341360953 EUR
:28C:19132
:60F:C190601EUR000000001394,45
:62F:C190602EUR000000001394,45
:64:C190602EUR000000001394,45
:65:C190603EUR000000001394,45
:65:C190604EUR000000001394,45
:65:C190605EUR000000001394,45
:65:C190606EUR000000001394,45
:20:940S190603
:25:NL08RABO0341360953 EUR
:28C:19133
:60F:C190602EUR000000001394,45
:61:190603D000000000000,90N030NONREF//00R9HP143157154B
0000000000
:86:/TRCD/030/BENM//NAME/Parking Zuidtangent HEERHUGOWAARD/REMI/Betaa
lautomaat 14:31 pasnr. 012
:61:190603D000000000022,35N030NONREF//S0Q75K183515154B
0000000000
:86:/TRCD/030/BENM//NAME/Bloem Bakkerij ALKMAAR/REMI/Betaalautomaat 1
8:35 pasnr. 012
:62F:C190603EUR000000001371,20
:64:C190603EUR000000001371,20
:65:C190604EUR000000001371,20
:65:C190605EUR000000001371,20
:65:C190606EUR000000001371,20
:65:C190607EUR000000001371,20
:20:940S190604
:25:NL08RABO0341360953 EUR
:28C:19134
:60F:C190603EUR000000001371,20
:61:190604D000000000242,00N065MARF//15547661369
NL20RABO0315674652
:86:/MARF/ALTUN01/EREF/ALTUN01-2192014/ALTUN01-2192015/TRCD/065/ORDP/
/NAME/Vitrina B.V./REMI/automatische incasso/NWZ ALKMAAR.2180229.
0107M.181220/SPAARNE GASTHUIS.2180230.0107M.181220/CSID/NL70ZZZ34
0987020000
:61:190604D000000000096,97N064MARF//15549094745
NL32INGB0666261016
:86:/MARF/000770587000000133180/EREF/1-12666-32362177/TRCD/064/ORDP//
NAME/Zicht risico- en verzekeringsadviseurs/REMI/Zicht Ondernemer
sPakket Refnr P526500770587001 2019-06-01/CSID/NL03ZZZ27093787000
0
:61:190604C000000000974,56N541EREF//15557272939
NL10RABO0317335375
:86:/EREF/REF19/294/7037 389113/mrt-19/TRCD/541/ORDP//NAME/SVB Dienst
verlening PGB/REMI/BETALINGSKENM.: 389113/mrt-19, ONZE REF.: 3743
2187, TOELICHTING: Taha Rafik Mohamad/ISDT/2019-06-04
:61:190604C000000000974,56N541EREF//15557272937
NL10RABO0317335375
:86:/EREF/REF19/294/7035 389113/dec-18/TRCD/541/ORDP//NAME/SVB Dienst
verlening PGB/REMI/BETALINGSKENM.: 389113/dec-18, ONZE REF.: 3743
2160, TOELICHTING: Taha Rafik Mohamad/ISDT/2019-06-04
:61:190604C000000003308,13N541EREF//15557271355
NL10RABO0317335375
:86:/EREF/REF19/294/6096 2019035/TRCD/541/ORDP//NAME/SVB Dienstverlen
ing PGB/REMI/BETALINGSKENM.: 2019035, ONZE REF.: 37432578, TOELIC
HTING: Yurtkap/ISDT/2019-06-04
:61:190604C000000001123,40N541EREF//15557272596
NL10RABO0317335375
:86:/EREF/REF19/294/5699 2019039/TRCD/541/ORDP//NAME/SVB Dienstverlen
ing PGB/REMI/BETALINGSKENM.: 2019039, ONZE REF.: 37432577, TOELIC
HTING: Yalcin/ISDT/2019-06-04
:61:190604C000000000974,56N541EREF//15557272938
NL10RABO0317335375
:86:/EREF/REF19/294/7036 389113/feb-19/TRCD/541/ORDP//NAME/SVB Dienst
verlening PGB/REMI/BETALINGSKENM.: 389113/feb-19, ONZE REF.: 3743
2177, TOELICHTING: Taha Rafik Mohamad/ISDT/2019-06-04
:62F:C190604EUR000000008387,44
:64:C190604EUR000000008387,44
:65:C190605EUR000000008387,44
:65:C190606EUR000000008387,44
:65:C190607EUR000000008387,44
:65:C190608EUR000000008387,44
:20:940S190605
:25:NL08RABO0341360953 EUR
:28C:19135
:60F:C190604EUR000000008387,44
:62F:C190605EUR000000008387,44
:64:C190605EUR000000008387,44
:65:C190606EUR000000008387,44
:65:C190607EUR000000008387,44
:65:C190608EUR000000008387,44
:65:C190609EUR000000008387,44
:20:940S190606
:25:NL08RABO0341360953 EUR
:28C:19136
:60F:C190605EUR000000008387,44
:61:190606C000000004223,52N541EREF//15564858660
NL10RABO0317335375
:86:/EREF/REF19/306/500 2019038/TRCD/541/ORDP//NAME/SVB Dienstverleni
ng PGB/REMI/BETALINGSKENM.: 2019038, ONZE REF.: 37445685, TOELICH
TING: Celik/ISDT/2019-06-06
:61:190606D000000000049,10N002NONREF//CT06257021141315
0000000000
:86:/TRCD/002/BENM//NAME/CCV*MERAM WEST CV AMSTERDAM/REMI/Betaalautom
aat 21:14 pasnr. 012
:62F:C190606EUR000000012561,86
:64:C190606EUR000000012561,86
:65:C190607EUR000000012561,86
:65:C190608EUR000000012561,86
:65:C190609EUR000000012561,86
:65:C190610EUR000000012561,86
:20:940S190607
:25:NL08RABO0341360953 EUR
:28C:19137
:60F:C190606EUR000000012561,86
:61:190607D000000000014,71N064MARF//15563916021
NL13ABNA0243185340
:86:/MARF/NL-0001436196-20190516/EREF/FRST-2019-157-022300-18950474/T
RCD/064/ORDP//NAME/BEH MOBILITEITSGELDEN/REMI/YELLOWBRICK REF K13
 3519-0FNL-1895-0474/CSID/NL19ZZZ342502210000
:61:190607D000000000012,11N002NONREF//1ZYB92093851158B
0000000000
:86:/TRCD/002/BENM//NAME/Albert Heijn 1269 HEERHUGOWAARD/REMI/Betaala
utomaat 09:38 pasnr. 012
:61:190607D000000000013,10N002NONREF//0S7CC0181407158B
0000000000
:86:/TRCD/002/BENM//NAME/Bagels & Beans HEERHUGOWAARD/REMI/Betaalauto
maat 18:14 pasnr. 012
:61:190607D000000000064,89N002NONREF//P8BT3Y183925158B
0000000000
:86:/TRCD/002/BENM//NAME/H&M 094 HEERHUGOWAAR HEERHUGOWAARD/REMI/Beta
alautomaat 18:39 pasnr. 012
:61:190607D000000000002,00N030NONREF//01HC34185928158B
0000000000
:86:/TRCD/030/BENM//NAME/Parking Zuidtangent HEERHUGOWAARD/REMI/Betaa
lautomaat 18:59 pasnr. 012
:62F:C190607EUR000000012455,05
:64:C190607EUR000000012455,05
:65:C190608EUR000000012455,05
:65:C190609EUR000000012455,05
:65:C190610EUR000000012455,05
:65:C190611EUR000000012455,05
:20:940S190608
:25:NL08RABO0341360953 EUR
:28C:19138
:60F:C190607EUR000000012455,05
:62F:C190608EUR000000012455,05
:64:C190608EUR000000012455,05
:65:C190609EUR000000012455,05
:65:C190610EUR000000012455,05
:65:C190611EUR000000012455,05
:65:C190612EUR000000012455,05
:20:940S190609
:25:NL08RABO0341360953 EUR
:28C:19139
:60F:C190608EUR000000012455,05
:61:190609D000000000002,50N002NONREF//8V7VJG173807160B
0000000000
:86:/TRCD/002/BENM//NAME/Stroming HEERHUGOWAARD/REMI/Betaalautomaat 1
7:38 pasnr. 012
:61:190609D000000000038,50N002NONREF//4FDD01214710160B
0000000000
:86:/TRCD/002/BENM//NAME/Italiaans Restaurant DEN HELDER/REMI/Betaala
utomaat 21:47 pasnr. 012
:62F:C190609EUR000000012414,05
:64:C190609EUR000000012414,05
:65:C190610EUR000000012414,05
:65:C190611EUR000000012414,05
:65:C190612EUR000000012414,05
:65:C190613EUR000000012414,05
:20:940S190610
:25:NL08RABO0341360953 EUR
:28C:19140
:60F:C190609EUR000000012414,05
:61:190610D000000000061,04N064MARF//15568166552
NL96ABNA0401863042
:86:/MARF/5000017003001/EREF/SLDD-0332527-5651374588/TRCD/064/ORDP//N
AME/TRAVELCARD/REMI/N00449093/CSID/NL59ZZZ390373820000
:61:190610D000000000010,70N002NONREF//CT35576115022216
0000000000
:86:/TRCD/002/BENM//NAME/CCV*WONDERS HEERHUGOWA HEERHUGOWAARD/REMI/Be
taalautomaat 15:02 pasnr. 012
:61:190610D000000000001,50N030NONREF//031XBV150500161B
0000000000
:86:/TRCD/030/BENM//NAME/Parking Coolplein HEERHUGOWAARD/REMI/Betaala
utomaat 15:05 pasnr. 012
:61:190610D000000000250,00N547NONREF//OO9T000138039735
NL77RABO0341369799
:86:/TRCD/547/BENM//NAME/N.Altun/ISDT/2019-06-10
:62F:C190610EUR000000012090,81
:64:C190610EUR000000012090,81
:65:C190611EUR000000012090,81
:65:C190612EUR000000012090,81
:65:C190613EUR000000012090,81
:65:C190614EUR000000012090,81
:20:940S190611
:25:NL08RABO0341360953 EUR
:28C:19141
:60F:C190610EUR000000012090,81
:61:190611D000000000015,70N002NONREF//CT08327121340316
0000000000
:86:/TRCD/002/BENM//NAME/CCV*RESTAURANT HANIMEL AMSTERDAM/REMI/Betaal
automaat 21:34 pasnr. 012
:61:190611D000000000005,00N002NONREF//239FSZ223709162B
0000000000
:86:/TRCD/002/BENM//NAME/Serifoglu West AMSTERDAM/REMI/Betaalautomaat
 22:37 pasnr. 012
:62F:C190611EUR000000012070,11
:64:C190611EUR000000012070,11
:65:C190612EUR000000012070,11
:65:C190613EUR000000012070,11
:65:C190614EUR000000012070,11
:65:C190615EUR000000012070,11
:20:940S190612
:25:NL08RABO0341360953 EUR
:28C:19142
:60F:C190611EUR000000012070,11
:61:190612C000000003496,50N541EREF//15582596936
NL10RABO0317335375
:86:/EREF/REF19/313/5479 2019037/TRCD/541/ORDP//NAME/SVB Dienstverlen
ing PGB/REMI/BETALINGSKENM.: 2019037, ONZE REF.: 37461005, TOELIC
HTING: Yurtkap/ISDT/2019-06-12
:61:190612D000000000007,95N002NONREF//H331T4131522163B
0000000000
:86:/TRCD/002/BENM//NAME/McDonald's Alkmaar ALKMAAR/REMI/Betaalautoma
at 13:15 pasnr. 012
:61:190612D000000000031,50N547NONREF//OO9T000139468758
NL22ABNA0602325544
:86:/TRCD/547/BENM//NAME/Domavest B.V./REMI/Parkeerplaats maand Juni 
2019/ISDT/2019-06-12
:62F:C190612EUR000000015527,16
:64:C190612EUR000000015527,16
:65:C190613EUR000000015527,16
:65:C190614EUR000000015527,16
:65:C190615EUR000000015527,16
:65:C190616EUR000000015527,16
:20:940S190613
:25:NL08RABO0341360953 EUR
:28C:19143
:60F:C190612EUR000000015527,16
:61:190613D000000000056,63N064MARF//15580538506
NL32INGB0666261016
:86:/MARF/000770587000000133180/EREF/1-12724-32320098/TRCD/064/ORDP//
NAME/Zicht risico- en verzekeringsadviseurs/REMI/Pakketverzekerin
g Refnr 50145884 2019-06-12/CSID/NL03ZZZ270937870000
:61:190613D000000000012,82N002NONREF//UC9601125912164B
0000000000
:86:/TRCD/002/BENM//NAME/Blokker331 Alkmaar ALKMAAR/REMI/Betaalautoma
at 12:59 pasnr. 012
:62F:C190613EUR000000015457,71
:64:C190613EUR000000015457,71
:65:C190614EUR000000015457,71
:65:C190615EUR000000015457,71
:65:C190616EUR000000015457,71
:65:C190617EUR000000015457,71
:20:940S190614
:25:NL08RABO0341360953 EUR
:28C:19144
:60F:C190613EUR000000015457,71
:61:190614D000000000000,71N030NONREF//D98MCY140703165B
0000000000
:86:/TRCD/030/BENM//NAME/Opbr Garageparkeren HAARLEM/REMI/Betaalautom
aat 14:07 pasnr. 012
:62F:C190614EUR000000015457,00
:64:C190614EUR000000015457,00
:65:C190615EUR000000015457,00
:65:C190616EUR000000015457,00
:65:C190617EUR000000015457,00
:65:C190618EUR000000015457,00
:20:940S190615
:25:NL08RABO0341360953 EUR
:28C:19145
:60F:C190614EUR000000015457,00
:61:190615D000000000065,06N002NONREF//X1J8R9171718166B
0000000000
:86:/TRCD/002/BENM//NAME/Manzara AMSTERDAM/REMI/Betaalautomaat 17:17 
pasnr. 012
:61:190615D000000000500,00N547NONREF//OO9T000142215275
NL77RABO0341369799
:86:/TRCD/547/BENM//NAME/N.Altun/ISDT/2019-06-15
:62F:C190615EUR000000014891,94
:64:C190615EUR000000014891,94
:65:C190616EUR000000014891,94
:65:C190617EUR000000014891,94
:65:C190618EUR000000014891,94
:65:C190619EUR000000014891,94
:20:940S190616
:25:NL08RABO0341360953 EUR
:28C:19146
:60F:C190615EUR000000014891,94
:62F:C190616EUR000000014891,94
:64:C190616EUR000000014891,94
:65:C190617EUR000000014891,94
:65:C190618EUR000000014891,94
:65:C190619EUR000000014891,94
:65:C190620EUR000000014891,94
:20:940S190617
:25:NL08RABO0341360953 EUR
:28C:19147
:60F:C190616EUR000000014891,94
:61:190617D000000000073,81N064MARF//15586297266
NL31COBA0637053788
:86:/MARF/CS1143792-0341360953-01/EREF/ARNLNL1908664750/TRCD/064/ORDP
//NAME/TELE2 NEDERLAND B.V./REMI/ARNLNL1908664750/CSID/NL12T2N333
034180000
:61:190617D000000000011,70N030NONREF//29K3136316191416
0000000000
:86:/TRCD/030/BENM//NAME/Corendon Hotel AH Badhoevedo/REMI/Betaalauto
maat 16:19 pasnr. 012
:62F:C190617EUR000000014806,43
:64:C190617EUR000000014806,43
:65:C190618EUR000000014806,43
:65:C190619EUR000000014806,43
:65:C190620EUR000000014806,43
:65:C190621EUR000000014806,43
:20:940S190618
:25:NL08RABO0341360953 EUR
:28C:19148
:60F:C190617EUR000000014806,43
:61:190618D000000000007,95N002NONREF//H331T4150809169B
0000000000
:86:/TRCD/002/BENM//NAME/McDonald's Alkmaar ALKMAAR/REMI/Betaalautoma
at 15:08 pasnr. 012
:61:190618D000000000004,75N002NONREF//H549VD164445169B
0000000000
:86:/TRCD/002/BENM//NAME/McDonald's Alkmaar ALKMAAR/REMI/Betaalautoma
at 16:44 pasnr. 012
:62F:C190618EUR000000014793,73
:64:C190618EUR000000014793,73
:65:C190619EUR000000014793,73
:65:C190620EUR000000014793,73
:65:C190621EUR000000014793,73
:65:C190622EUR000000014793,73
:20:940S190619
:25:NL08RABO0341360953 EUR
:28C:19149
:60F:C190618EUR000000014793,73
:61:190619D000000000040,00N544NONREF//OO9T000145092205
NL72SNSB0966400356
:86:/TRCD/544/BENM//NAME/SNS/REMI/Gevraagde documenten bankrekeningnu
mmer: NL60SNSB0939497913/ISDT/2019-06-19
:61:190619D000000000105,49N544NONREF//OO9T000145092206
NL11ABNA0495003778
:86:/TRCD/544/BENM//NAME/St. Zorgring NHN/REMI/Factuurnummer: 7754, k
lantnummer: 1637/ISDT/2019-06-19
:61:190619D000000000136,13N544NONREF//OO9T000145092207
NL50ABNA0811013944
:86:/TRCD/544/BENM//NAME/Saarl Superschoon/REMI/Factuurnummer: 2019-0
44, Zorgburo Altun maand mei/ISDT/2019-06-19
:61:190619D000000000016,25N002NONREF//229404191203170B
0000000000
:86:/TRCD/002/BENM//NAME/Vomar Plantage BEVERWIJK/REMI/Betaalautomaat
 19:12 pasnr. 012
:62F:C190619EUR000000014495,86
:64:C190619EUR000000014495,86
:65:C190620EUR000000014495,86
:65:C190621EUR000000014495,86
:65:C190622EUR000000014495,86
:65:C190623EUR000000014495,86
:20:940S190620
:25:NL08RABO0341360953 EUR
:28C:19150
:60F:C190619EUR000000014495,86
:61:190620D000000000013,00N064MARF//15605316163
NL20ABNA0426194241
:86:/MARF/H05883-1/EREF/1906190588338290/TRCD/064/ORDP//NAME/PZN B V/
REMI/PerSaldo Hulpgids 4033060/CSID/NL45ZZZ342178680000
:61:190620D000000001000,00N547NONREF//OO9T000146122361
NL77RABO0341369799
:86:/TRCD/547/BENM//NAME/N.Altun/ISDT/2019-06-20
:62F:C190620EUR000000013482,86
:64:C190620EUR000000013482,86
:65:C190621EUR000000013482,86
:65:C190622EUR000000013482,86
:65:C190623EUR000000013482,86
:65:C190624EUR000000013482,86
:20:940S190621
:25:NL08RABO0341360953 EUR
:28C:19151
:60F:C190620EUR000000013482,86
:61:190621D000000000004,35N002NONREF//0S7CC0125716172B
0000000000
:86:/TRCD/002/BENM//NAME/Bagels & Beans HEERHUGOWAARD/REMI/Betaalauto
maat 12:57 pasnr. 012
:62F:C190621EUR000000013478,51
:64:C190621EUR000000013478,51
:65:C190622EUR000000013478,51
:65:C190623EUR000000013478,51
:65:C190624EUR000000013478,51
:65:C190625EUR000000013478,51
:20:940S190622
:25:NL08RABO0341360953 EUR
:28C:19152
:60F:C190621EUR000000013478,51
:61:190622D000000000058,00N002NONREF//DX3M75162053173B
0000000000
:86:/TRCD/002/BENM//NAME/Hwa Xia Acupunctuur Kl ALKMAAR/REMI/Betaalau
tomaat 16:20 pasnr. 012
:61:190622D000000000017,00N002NONREF//DX3M75162116173B
0000000000
:86:/TRCD/002/BENM//NAME/Hwa Xia Acupunctuur Kl ALKMAAR/REMI/Betaalau
tomaat 16:21 pasnr. 012
:61:190622D000000000008,00N002NONREF//DX567X193821173B
0000000000
:86:/TRCD/002/BENM//NAME/Birtat Restaurant AMSTERDAM/REMI/Betaalautom
aat 19:38 pasnr. 012
:62F:C190622EUR000000013395,51
:64:C190622EUR000000013395,51
:65:C190623EUR000000013395,51
:65:C190624EUR000000013395,51
:65:C190625EUR000000013395,51
:65:C190626EUR000000013395,51
:20:940S190623
:25:NL08RABO0341360953 EUR
:28C:19153
:60F:C190622EUR000000013395,51
:62F:C190623EUR000000013395,51
:64:C190623EUR000000013395,51
:65:C190624EUR000000013395,51
:65:C190625EUR000000013395,51
:65:C190626EUR000000013395,51
:65:C190627EUR000000013395,51
:20:940S190624
:25:NL08RABO0341360953 EUR
:28C:19154
:60F:C190623EUR000000013395,51
:61:190624D000000000026,45N002NONREF//WD968B154459175B
0000000000
:86:/TRCD/002/BENM//NAME/Ilya Rotterdam ROTTERDAM/REMI/Betaalautomaat
 15:44 pasnr. 012
:61:190624D000000000012,60N002NONREF//CT00604317280717
0000000000
:86:/TRCD/002/BENM//NAME/CCV*CAFE PLEIN 3012 AR ROTTE/REMI/Betaalauto
maat 17:28 pasnr. 012
:62F:C190624EUR000000013356,46
:64:C190624EUR000000013356,46
:65:C190625EUR000000013356,46
:65:C190626EUR000000013356,46
:65:C190627EUR000000013356,46
:65:C190628EUR000000013356,46
:20:940S190625
:25:NL08RABO0341360953 EUR
:28C:19155
:60F:C190624EUR000000013356,46
:61:190625D000000000025,35N002NONREF//4M7LZ6104330176B
0000000000
:86:/TRCD/002/BENM//NAME/SD Rotterdam BV UTRECHT/REMI/Betaalautomaat 
10:43 pasnr. 012
:61:190625C000000000254,15N541EREF//15647400871
NL10RABO0317335375
:86:/EREF/REF19/335/3626 348201/jun-19/TRCD/541/ORDP//NAME/SVB Dienst
verlening PGB/REMI/BETALINGSKENM.: 348201/jun-19, ONZE REF.: 3752
6738, TOELICHTING: Yurtkap/ISDT/2019-06-25
:61:190625C000000000449,80N541EREF//15647371158
NL10RABO0317335375
:86:/EREF/REF19/335/12164 387603/jun-19/TRCD/541/ORDP//NAME/SVB Diens
tverlening PGB/REMI/BETALINGSKENM.: 387603/jun-19, ONZE REF.: 375
37042, TOELICHTING: Birben/ISDT/2019-06-25
:61:190625C000000000224,90N541EREF//15647357141
NL10RABO0317335375
:86:/EREF/REF19/335/12696 389853/jun-19/TRCD/541/ORDP//NAME/SVB Diens
tverlening PGB/REMI/BETALINGSKENM.: 389853/jun-19, ONZE REF.: 375
38747, TOELICHTING: Bayram/ISDT/2019-06-25
:61:190625C000000000899,60N541EREF//15647359686
NL10RABO0317335375
:86:/EREF/REF19/335/6876 365157/jun-19/TRCD/541/ORDP//NAME/SVB Dienst
verlening PGB/REMI/BETALINGSKENM.: 365157/jun-19, ONZE REF.: 3752
8049, TOELICHTING: Kelesoglu/ISDT/2019-06-25
:61:190625C000000000974,56N541EREF//15647370001
NL10RABO0317335375
:86:/EREF/REF19/335/12519 389113/jun-19/TRCD/541/ORDP//NAME/SVB Diens
tverlening PGB/REMI/BETALINGSKENM.: 389113/jun-19, ONZE REF.: 375
36178, TOELICHTING: Taha Rafik Mohamad/ISDT/2019-06-25
:61:190625C000000000198,83N541EREF//15647375794
NL10RABO0317335375
:86:/EREF/REF19/335/13852 394925/jun-19/TRCD/541/ORDP//NAME/SVB Diens
tverlening PGB/REMI/BETALINGSKENM.: 394925/jun-19, ONZE REF.: 375
38338, TOELICHTING: Heistek/ISDT/2019-06-25
:61:190625C000000000524,76N541EREF//15647374927
NL10RABO0317335375
:86:/EREF/REF19/335/10477 381157/jun-19/TRCD/541/ORDP//NAME/SVB Diens
tverlening PGB/REMI/BETALINGSKENM.: 381157/jun-19, ONZE REF.: 375
34953, TOELICHTING: Ulu/ISDT/2019-06-25
:61:190625C000000000620,53N541EREF//15647365537
NL10RABO0317335375
:86:/EREF/REF19/337/7935 182608/jun-19/TRCD/541/ORDP//NAME/SVB Dienst
verlening PGB/REMI/BETALINGSKENM.: 182608/jun-19, ONZE REF.: 3752
3239, TOELICHTING: Gulten/ISDT/2019-06-25
:62F:C190625EUR000000017478,24
:64:C190625EUR000000017478,24
:65:C190626EUR000000017478,24
:65:C190627EUR000000017478,24
:65:C190628EUR000000017478,24
:65:C190629EUR000000017478,24
:20:940S190626
:25:NL08RABO0341360953 EUR
:28C:19156
:60F:C190625EUR000000017478,24
:61:190626D000000000018,86N002NONREF//1ZW379105122177B
0000000000
:86:/TRCD/002/BENM//NAME/Albert Heijn 1269 HEERHUGOWAARD/REMI/Betaala
utomaat 10:51 pasnr. 012
:61:190626D000000000007,00N002NONREF//20DK6G105235177B
0000000000
:86:/TRCD/002/BENM//NAME/Albert Heijn 1269 HEERHUGOWAARD/REMI/Betaala
utomaat 10:52 pasnr. 012
:61:190626D000000000500,00N547NONREF//OO9T000151717189
NL77RABO0341369799
:86:/TRCD/547/BENM//NAME/N.Altun/ISDT/2019-06-26
:61:190626C000000000212,68N541EREF//15659640499
NL10RABO0317335375
:86:/EREF/REF19/340/4250 398872/mei-19/TRCD/541/ORDP//NAME/SVB Dienst
verlening PGB/REMI/BETALINGSKENM.: 398872/mei-19, ONZE REF.: 3755
5909, TOELICHTING: Sbaa/ISDT/2019-06-26
:61:190626C000000000531,70N541EREF//15659640500
NL10RABO0317335375
:86:/EREF/REF19/340/4251 398872/jun-19/TRCD/541/ORDP//NAME/SVB Dienst
verlening PGB/REMI/BETALINGSKENM.: 398872/jun-19, ONZE REF.: 3755
5910, TOELICHTING: Sbaa/ISDT/2019-06-26
:61:190626D000000000029,68N002NONREF//99S9KR170940177B
0000000000
:86:/TRCD/002/BENM//NAME/Columbus HEERHUGOWAARD/REMI/Betaalautomaat 1
7:09 pasnr. 012
:61:190626D000000000001,20N002NONREF//02Y569173247177B
0000000000
:86:/TRCD/002/BENM//NAME/Parking Middenweg HEERHUGOWAARD/REMI/Betaala
utomaat 17:32 pasnr. 012
:62F:C190626EUR000000017665,88
:64:C190626EUR000000017665,88
:65:C190627EUR000000017665,88
:65:C190628EUR000000017665,88
:65:C190629EUR000000017665,88
:65:C190630EUR000000017665,88
:20:940S190627
:25:NL08RABO0341360953 EUR
:28C:19157
:60F:C190626EUR000000017665,88
:61:190627D000000000003,00N065MARF//15650038806
NL44RABO0157182622
:86:/MARF/29877/EREF/9000000000363611/TRCD/065/ORDP//NAME/Stichting D
e Opkikker/REMI/Hartelijk dank voor uw donatie, RELATIE/FACTUUR:8
0631/662476/CSID/NL44ZZZ412471690000
:62F:C190627EUR000000017662,88
:64:C190627EUR000000017662,88
:65:C190628EUR000000017662,88
:65:C190629EUR000000017662,88
:65:C190630EUR000000017662,88
:65:C190701EUR000000017662,88
:20:940S190628
:25:NL08RABO0341360953 EUR
:28C:19158
:60F:C190627EUR000000017662,88
:61:190628D000000003964,00N544NONREF//O9133971535
NL86INGB0002445588
:86:/TRCD/544/BENM//NAME/Belastingdienst Apeldoorn/REMI//CDTRREFTP//C
D/SCOR/ISSR/CUR/CDTRREF/5167791396901050/ISDT/2019-06-28
:61:190628D000000000357,43N544NONREF//OO9T000153835708
NL27INGB0756969395
:86:/TRCD/544/BENM//NAME/I.JERJIS/REMI/Loon maand juni 2019/ISDT/2019
 06-28
:61:190628D000000002814,34N544NONREF//OO9T000153835709
NL30RABO0123998204
:86:/TRCD/544/BENM//NAME/I.Alabas/REMI/Loon juni 2019/ISDT/2019-06-28
:61:190628D000000000275,76N544NONREF//OO9T000153835710
NL46ABNA0512143242
:86:/TRCD/544/BENM//NAME/L.G.G. G. Gebremichael/REMI/Loon maand juni 
2019/ISDT/2019-06-28
:61:190628D000000006000,00N505NONREF
NL81RABO1479887439
:86:/TRCD/505/BENM//NAME/ZORGBURO ALTUN/ISDT/2019-06-28
:61:190628D000000000004,50N002NONREF//H549VD130512179B
0000000000
:86:/TRCD/002/BENM//NAME/McDonald's Alkmaar ALKMAAR/REMI/Betaalautoma
at 13:05 pasnr. 012
:61:190628D000000000012,50N002NONREF//63H401140734179B
0000000000
:86:/TRCD/002/BENM//NAME/Autowasstr. Overdie ALKMAAR/REMI/Betaalautom
aat 14:07 pasnr. 012
:61:190628D000000000003,50N002NONREF//8V7VJG165917179B
0000000000
:86:/TRCD/002/BENM//NAME/Stroming HEERHUGOWAARD/REMI/Betaalautomaat 1
6:59 pasnr. 012
:61:190628D000000000002,00N002NONREF//00R9HP170523179B
0000000000
:86:/TRCD/002/BENM//NAME/Parking Zuidtangent HEERHUGOWAARD/REMI/Betaa
lautomaat 17:05 pasnr. 012
:62F:C190628EUR000000004228,85
:64:C190628EUR000000004228,85
:65:C190629EUR000000004228,85
:65:C190630EUR000000004228,85
:65:C190701EUR000000004228,85
:65:C190702EUR000000004228,85
:20:940S190629
:25:NL08RABO0341360953 EUR
:28C:19159
:60F:C190628EUR000000004228,85
:61:190629D000000000500,00N547NONREF//OO9T000154785469
NL77RABO0341369799
:86:/TRCD/547/BENM//NAME/N.Altun/ISDT/2019-06-29
:61:190629D000000001061,96N030NONREF//492V01171238180B
0000000000
:86:/TRCD/030/BENM//NAME/Media Markt Alkmaar ALKMAAR/REMI/Betaalautom
aat 17:12 pasnr. 012
:61:190629D000000000022,94N002NONREF//52H9XW175504180B
0000000000
:86:/TRCD/002/BENM//NAME/Albert Heijn 1385 ALKMAAR/REMI/Betaalautomaa
t 17:55 pasnr. 012
:62F:C190629EUR000000002643,95
:64:C190629EUR000000002643,95
:65:C190630EUR000000002643,95
:65:C190701EUR000000002643,95
:65:C190702EUR000000002643,95
:65:C190703EUR000000002643,95
:20:940S190630
:25:NL08RABO0341360953 EUR
:28C:19160
:60F:C190629EUR000000002643,95
:61:190630D000000000024,60N002NONREF//CT08327122593118
0000000000
:86:/TRCD/002/BENM//NAME/CCV*RESTAURANT HANIMEL AMSTERDAM/REMI/Betaal
automaat 22:59 pasnr. 012
:62F:C190630EUR000000002619,35
:64:C190630EUR000000002619,35
:65:C190701EUR000000002619,35
:65:C190702EUR000000002619,35
:65:C190703EUR000000002619,35
:65:C190704EUR000000002619,35
:20:940S190701
:25:NL08RABO0341360953 EUR
:28C:19161
:60F:C190630EUR000000002619,35
:61:190701D000000000005,65N030NONREF//PY00165115203018
0000000000
:86:/TRCD/030/BENM//NAME/CCV*BARISTA CAFE ALKMA ALKMAAR/REMI/Betaalau
tomaat 15:20 pasnr. 012
:62F:C190701EUR000000002613,70
:64:C190701EUR000000002613,70
:65:C190702EUR000000002613,70
:65:C190703EUR000000002613,70
:65:C190704EUR000000002613,70
:65:C190705EUR000000002613,70
:20:940S190702
:25:NL08RABO0341360953 EUR
:28C:19162
:60F:C190701EUR000000002613,70
:61:190701D000000000037,02N093NONREF//00003HI02-07
0000000000
:86:/TRCD/093/BENM//NAME/Kosten/REMI/Periode 06-05-2019 t/m 30-06-201
9/ISDT/2019-07-02
:61:190702D000000000042,50N064MARF//15687888261
NL91INGB0000274250
:86:/MARF/M10019042611/EREF/000002026287138/TRCD/064/ORDP//NAME/Telfo
rt Thuis/REMI/Factuur 26-06-2019, klantnummer 1001769758, Vragen?
 Zie telfort.nl/factuur./CSID/NL82TFT271247010003
:61:190702D000000000096,97N064MARF//15687535649
NL32INGB0666261016
:86:/MARF/000770587000000133180/EREF/1-12831-32758318/TRCD/064/ORDP//
NAME/Zicht risico- en verzekeringsadviseurs/REMI/Zicht Ondernemer
sPakket Refnr P526500770587001 2019-07-01/CSID/NL03ZZZ27093787000
0
:61:190702D000000000001,80N002NONREF//CT46926412083618
0000000000
:86:/TRCD/002/BENM//NAME/CCV*SPAARNE GASTHUIS HAARLEM/REMI/Betaalauto
maat 12:08 pasnr. 012
:61:190702D000000000015,25N002NONREF//P8S2T2135440183B
0000000000
:86:/TRCD/002/BENM//NAME/McDonald's Alkmaar ALKMAAR/REMI/Betaalautoma
at 13:54 pasnr. 012
:62F:C190702EUR000000002420,16
:64:C190702EUR000000002420,16
:65:C190703EUR000000002420,16
:65:C190704EUR000000002420,16
:65:C190705EUR000000002420,16
:65:C190706EUR000000002420,16
:20:940S190703
:25:NL08RABO0341360953 EUR
:28C:19163
:60F:C190702EUR000000002420,16
:61:190703D000000000004,60N002NONREF//0S7CC0145515184B
0000000000
:86:/TRCD/002/BENM//NAME/Bagels & Beans HEERHUGOWAARD/REMI/Betaalauto
maat 14:55 pasnr. 012
:61:190703D000000000001,50N002NONREF//031XBV152344184B
0000000000
:86:/TRCD/002/BENM//NAME/Parking Coolplein HEERHUGOWAARD/REMI/Betaala
utomaat 15:23 pasnr. 012
:62F:C190703EUR000000002414,06
:64:C190703EUR000000002414,06
:65:C190704EUR000000002414,06
:65:C190705EUR000000002414,06
:65:C190706EUR000000002414,06
:65:C190707EUR000000002414,06
:20:940S190704
:25:NL08RABO0341360953 EUR
:28C:19164
:60F:C190703EUR000000002414,06
:61:190704D000000000242,00N065MARF//15699654885
NL20RABO0315674652
:86:/MARF/ALTUN01/EREF/ALTUN01-2192372/ALTUN01-2192373/TRCD/065/ORDP/
/NAME/Vitrina B.V./REMI/automatische incasso/NWZ ALKMAAR.2180229.
0108M.181220/SPAARNE GASTHUIS.2180230.0108M.181220/CSID/NL70ZZZ34
0987020000
:61:190704D000000000025,00N002NONREF//239FSZ130429185B
0000000000
:86:/TRCD/002/BENM//NAME/Serifoglu West AMSTERDAM/REMI/Betaalautomaat
 13:04 pasnr. 012
:62F:C190704EUR000000002147,06
:64:C190704EUR000000002147,06
:65:C190705EUR000000002147,06
:65:C190706EUR000000002147,06
:65:C190707EUR000000002147,06
:65:C190708EUR000000002147,06
:20:940S190705
:25:NL08RABO0341360953 EUR
:28C:19165
:60F:C190704EUR000000002147,06
:61:190705D000000000098,17N544NONREF//OO9T000160069462
NL69INGB0008791440
:86:/TRCD/544/BENM//NAME/T.Danser/REMI/Eindrekening Zorgburo Altun/IS
DT/2019-07-05
:61:190705D000000000020,40N102EREF//TIB470761679
NL48RABO0132394782
:86:/EREF/05-07-2019 14:48 0020002494647618/TRCD/102/BENM//NAME/Topbl
oemen.nl via Adyen/REMI/1515623308271499 0020002494647618 Topbloe
men.nl x0953 pasnr.012/PURP//CD/EPAY/ISDT/2019-07-05
:61:190705D000000000003,60N002NONREF//Y26J4P150634186B
0000000000
:86:/TRCD/002/BENM//NAME/Park. Str. Alkmaar ALKMAAR/REMI/Betaalautoma
at 15:06 pasnr. 012
:61:190705D000000000023,60N030NONREF//CT64558215135518
0000000000
:86:/TRCD/030/BENM//NAME/CCV*Mr. Uyghur ALKMAAR/REMI/Betaalautomaat 1
5:13 pasnr. 012
:61:190705D000000000002,08N002NONREF//7N90ZL163338186B
0000000000
:86:/TRCD/002/BENM//NAME/TEXACO BMEER ALKMAAR ALKMAAR/REMI/Betaalauto
maat 16:33 pasnr. 012
:61:190705D000000000171,61N002NONREF//HD4801163754186B
0000000000
:86:/TRCD/002/BENM//NAME/AUTOBEDR. ALEWIJN OT ALKMAAR/REMI/Betaalauto
maat 16:37 pasnr. 012
:62F:C190705EUR000000001827,60
:64:C190705EUR000000001827,60
:65:C190706EUR000000001827,60
:65:C190707EUR000000001827,60
:65:C190708EUR000000001827,60
:65:C190709EUR000000001827,60
:20:940S190706
:25:NL08RABO0341360953 EUR
:28C:19166
:60F:C190705EUR000000001827,60
:61:190706D000000000250,00N547NONREF//OO9T000161206017
NL77RABO0341369799
:86:/TRCD/547/BENM//NAME/N.Altun/ISDT/2019-07-06
:62F:C190706EUR000000001577,60
:64:C190706EUR000000001577,60
:65:C190707EUR000000001577,60
:65:C190708EUR000000001577,60
:65:C190709EUR000000001577,60
:65:C190710EUR000000001577,60
:20:940S190707
:25:NL08RABO0341360953 EUR
:28C:19167
:60F:C190706EUR000000001577,60
:62F:C190707EUR000000001577,60
:64:C190707EUR000000001577,60
:65:C190708EUR000000001577,60
:65:C190709EUR000000001577,60
:65:C190710EUR000000001577,60
:65:C190711EUR000000001577,60
:20:940S190708
:25:NL08RABO0341360953 EUR
:28C:19168
:60F:C190707EUR000000001577,60
:61:190708D000000000050,60N064MARF//15706267673
NL12COBA0733959555
:86:/MARF/1.17725112-001/EREF/500720412075/TRCD/064/ORDP//NAME/T-MOBI
LE NETHERLANDS B.V./REMI/Factuurnummer 901351517349/CSID/NL93ZZZ3
32656790051
:61:190708D000000000006,66N064MARF//15711508225
NL96ABNA0401863042
:86:/MARF/5000017003001/EREF/SLDD-0385480-5652324060/TRCD/064/ORDP//N
AME/TRAVELCARD/REMI/N00497661/CSID/NL59ZZZ390373820000
:61:190708D000000000178,22N064MARF//15711509246
NL96ABNA0401863042
:86:/MARF/5000017003001/EREF/SLDD-0385479-5652324059/TRCD/064/ORDP//N
AME/TRAVELCARD/REMI/N00497660/CSID/NL59ZZZ390373820000
:61:190708D000000000037,50N002NONREF//239FSZ125736189B
0000000000
:86:/TRCD/002/BENM//NAME/Serifoglu West AMSTERDAM/REMI/Betaalautomaat
 12:57 pasnr. 012
:62F:C190708EUR000000001304,62
:64:C190708EUR000000001304,62
:65:C190709EUR000000001304,62
:65:C190710EUR000000001304,62
:65:C190711EUR000000001304,62
:65:C190712EUR000000001304,62
:20:940S190709
:25:NL08RABO0341360953 EUR
:28C:19169
:60F:C190708EUR000000001304,62
:61:190709D000000000016,00N002NONREF//CT64558214103419
0000000000
:86:/TRCD/002/BENM//NAME/CCV*Mr. Uyghur ALKMAAR/REMI/Betaalautomaat 1
4:10 pasnr. 012
:62F:C190709EUR000000001288,62
:64:C190709EUR000000001288,62
:65:C190710EUR000000001288,62
:65:C190711EUR000000001288,62
:65:C190712EUR000000001288,62
:65:C190713EUR000000001288,62
:20:940S190710
:25:NL08RABO0341360953 EUR
:28C:19170
:60F:C190709EUR000000001288,62
:61:190710D000000000041,05N064MARF//15721319720
NL13ABNA0243185340
:86:/MARF/NL-0001436196-20190516/EREF/RCUR-2019-190-022544-19162886/T
RCD/064/ORDP//NAME/BEH MOBILITEITSGELDEN/REMI/YELLOWBRICK REF K13
 3519-0FNL-1916-2886/CSID/NL19ZZZ342502210000
:61:190710D000000000015,70N002NONREF//P8S2T2151910191B
0000000000
:86:/TRCD/002/BENM//NAME/McDonald's Alkmaar ALKMAAR/REMI/Betaalautoma
at 15:19 pasnr. 012
:62F:C190710EUR000000001231,87
:64:C190710EUR000000001231,87
:65:C190711EUR000000001231,87
:65:C190712EUR000000001231,87
:65:C190713EUR000000001231,87
:65:C190714EUR000000001231,87
:20:940S190711
:25:NL08RABO0341360953 EUR
:28C:19171
:60F:C190710EUR000000001231,87
:61:190711D000000000011,20N002NONREF//CT06425213312319
0000000000
:86:/TRCD/002/BENM//NAME/CCV*IJSSALON DE MIENT ALKMAAR/REMI/Betaalaut
omaat 13:31 pasnr. 012
:61:190711D000000000108,90N544NONREF//OO9T000165247824
NL50ABNA0811013944
:86:/TRCD/544/BENM//NAME/Saarl Superschoon/REMI/Factuurnummer: 2019-0
54, Zorgburo Altun periode juni 2019/ISDT/2019-07-11
:61:190711C000000001000,00N690NONREF//OO9T000165287205
NL81RABO1479887439
:86:/TRCD/690/ORDP//NAME/Zorgburo Altun/ISDT/2019-07-11
:61:190712D000000001780,00N544NONREF//O9138687663
NL86INGB0002445588
:86:/TRCD/544/BENM//NAME/belastingdienstApeldoorn/REMI//CDTRREFTP//CD
/SCOR/ISSR/CUR/CDTRREF/1167791396901060/ISDT/2019-07-12
:61:190711D000000000250,00N547NONREF//OO9T000165322169
NL77RABO0341369799
:86:/TRCD/547/BENM//NAME/N.Altun/ISDT/2019-07-11
:62F:C190711EUR000000000081,77
:64:C190711EUR000000001861,77
:65:C190712EUR000000000081,77
:65:C190713EUR000000000081,77
:65:C190714EUR000000000081,77
:65:C190715EUR000000000081,77
:20:940S190712
:25:NL08RABO0341360953 EUR
:28C:19172
:60F:C190711EUR000000000081,77
:61:190712C000000001000,00N691NONREF//OO9T000165883463
NL81RABO1479887439
:86:/TRCD/691/ORDP//NAME/Zorgburo Altun/ISDT/2019-07-12
:61:190712D000000000500,00N547NONREF//OO9T000166055790
NL77RABO0341369799
:86:/TRCD/547/BENM//NAME/N.Altun/ISDT/2019-07-12
:61:190712D000000000003,99N002NONREF//20DK6G134510193B
0000000000
:86:/TRCD/002/BENM//NAME/Albert Heijn 1269 HEERHUGOWAARD/REMI/Betaala
utomaat 13:45 pasnr. 012
:62F:C190712EUR000000000577,78
:64:C190712EUR000000000577,78
:65:C190713EUR000000000577,78
:65:C190714EUR000000000577,78
:65:C190715EUR000000000577,78
:65:C190716EUR000000000577,78
:20:940S190713
:25:NL08RABO0341360953 EUR
:28C:19173
:60F:C190712EUR000000000577,78
:61:190713D000000000003,50N002NONREF//CT62826117185819
0000000000
:86:/TRCD/002/BENM//NAME/CCV*BPD Ontwikkeling B ALKMAAR/REMI/Betaalau
tomaat 17:18 pasnr. 012
:62F:C190713EUR000000000574,28
:64:C190713EUR000000000574,28
:65:C190714EUR000000000574,28
:65:C190715EUR000000000574,28
:65:C190716EUR000000000574,28
:65:C190717EUR000000000574,28
:20:940S190714
:25:NL08RABO0341360953 EUR
:28C:19174
:60F:C190713EUR000000000574,28
:61:190714D000000000018,41N030NONREF//1ZYB92141510195B
0000000000
:86:/TRCD/030/BENM//NAME/Albert Heijn 1269 HEERHUGOWAARD/REMI/Betaala
utomaat 14:15 pasnr. 012
:61:190714D000000000150,00N547NONREF//OO9T000167611234
NL77RABO0341369799
:86:/TRCD/547/BENM//NAME/N.Altun/ISDT/2019-07-14
:62F:C190714EUR000000000405,87
:64:C190714EUR000000000405,87
:65:C190715EUR000000000405,87
:65:C190716EUR000000000405,87
:65:C190717EUR000000000405,87
:65:C190718EUR000000000405,87
:20:940S190715
:25:NL08RABO0341360953 EUR
:28C:19175
:60F:C190714EUR000000000405,87
:61:190715D000000000097,58N064MARF//15728528313
NL31COBA0637053788
:86:/MARF/CS1143792-0341360953-01/EREF/ARNLNL1910312814/TRCD/064/ORDP
//NAME/TELE2 NEDERLAND B.V./REMI/ARNLNL1910312814/CSID/NL12T2N333
034180000
:61:190715D000000000150,00N547NONREF//OO9T000168479251
NL77RABO0341369799
:86:/TRCD/547/BENM//NAME/N.Altun/ISDT/2019-07-15
:61:190715C000000001000,00N691NONREF//OO9T000168479870
NL81RABO1479887439
:86:/TRCD/691/ORDP//NAME/Zorgburo Altun/ISDT/2019-07-15
:61:190715D000000000007,95N002NONREF//H629MY152533196B
0000000000
:86:/TRCD/002/BENM//NAME/McDonald's Alkmaar ALKMAAR/REMI/Betaalautoma
at 15:25 pasnr. 012
:62F:C190715EUR000000001150,34
:64:C190715EUR000000001150,34
:65:C190716EUR000000001150,34
:65:C190717EUR000000001150,34
:65:C190718EUR000000001150,34
:65:C190719EUR000000001150,34
:20:940S190716
:25:NL08RABO0341360953 EUR
:28C:19176
:60F:C190715EUR000000001150,34
:61:190716C000000001500,00N691NONREF//OO9T000169204469
NL81RABO1479887439
:86:/TRCD/691/ORDP//NAME/Zorgburo Altun/ISDT/2019-07-16
:61:190716D000000000500,00N547NONREF//OO9T000169205500
NL77RABO0341369799
:86:/TRCD/547/BENM//NAME/N.Altun/ISDT/2019-07-16
:62F:C190716EUR000000002150,34
:64:C190716EUR000000002150,34
:65:C190717EUR000000002150,34
:65:C190718EUR000000002150,34
:65:C190719EUR000000002150,34
:65:C190720EUR000000002150,34
:20:940S190717
:25:NL08RABO0341360953 EUR
:28C:19177
:60F:C190716EUR000000002150,34
:61:190717D000000000013,10N002NONREF//0S7CC0134657198B
0000000000
:86:/TRCD/002/BENM//NAME/Bagels & Beans HEERHUGOWAARD/REMI/Betaalauto
maat 13:46 pasnr. 012
:61:190717D000000002000,00N547NONREF//OO9T000170311560
NL77RABO0341369799
:86:/TRCD/547/BENM//NAME/N.Altun/ISDT/2019-07-17
:61:190717C000000002500,00N691NONREF//OO9T000170312223
NL81RABO1479887439
:86:/TRCD/691/ORDP//NAME/Zorgburo Altun/ISDT/2019-07-17
:62F:C190717EUR000000002637,24
:64:C190717EUR000000002637,24
:65:C190718EUR000000002637,24
:65:C190719EUR000000002637,24
:65:C190720EUR000000002637,24
:65:C190721EUR000000002637,24
:20:940S190718
:25:NL08RABO0341360953 EUR
:28C:19178
:60F:C190717EUR000000002637,24
:62F:C190718EUR000000002637,24
:64:C190718EUR000000002637,24
:65:C190719EUR000000002637,24
:65:C190720EUR000000002637,24
:65:C190721EUR000000002637,24
:65:C190722EUR000000002637,24
:20:940S190719
:25:NL08RABO0341360953 EUR
:28C:19179
:60F:C190718EUR000000002637,24
:61:190719D000000000013,00N064MARF//15751706557
NL20ABNA0426194241
:86:/MARF/H05883-1/EREF/1907190588342281/TRCD/064/ORDP//NAME/PZN B V/
REMI/PerSaldo Hulpgids 4033251/CSID/NL45ZZZ342178680000
:62F:C190719EUR000000002624,24
:64:C190719EUR000000002624,24
:65:C190720EUR000000002624,24
:65:C190721EUR000000002624,24
:65:C190722EUR000000002624,24
:65:C190723EUR000000002624,24
:20:940S190720
:25:NL08RABO0341360953 EUR
:28C:19180
:60F:C190719EUR000000002624,24
:62F:C190720EUR000000002624,24
:64:C190720EUR000000002624,24
:65:C190721EUR000000002624,24
:65:C190722EUR000000002624,24
:65:C190723EUR000000002624,24
:65:C190724EUR000000002624,24
:20:940S190721
:25:NL08RABO0341360953 EUR
:28C:19181
:60F:C190720EUR000000002624,24
:62F:C190721EUR000000002624,24
:64:C190721EUR000000002624,24
:65:C190722EUR000000002624,24
:65:C190723EUR000000002624,24
:65:C190724EUR000000002624,24
:65:C190725EUR000000002624,24
:20:940S190722
:25:NL08RABO0341360953 EUR
:28C:19182
:60F:C190721EUR000000002624,24
:61:190722D000000000272,86N544NONREF//OO9T000174412328
NL13ABNA0582479991
:86:/TRCD/544/BENM//NAME/DenService/REMI/Factuurnummer: 2018628, Zorg
buro Altun 01-8-2019 t/m 01-08-2020/ISDT/2019-07-22
:62F:C190722EUR000000002351,38
:64:C190722EUR000000002351,38
:65:C190723EUR000000002351,38
:65:C190724EUR000000002351,38
:65:C190725EUR000000002351,38
:65:C190726EUR000000002351,38
:20:940S190723
:25:NL08RABO0341360953 EUR
:28C:19183
:60F:C190722EUR000000002351,38
:61:190723D000000000150,00N102EREF//TIB376565451
NL39RABO0301242844
:86:/EREF/23-07-2019 10:55 0020002526891271/TRCD/102/BENM//NAME/Ingen
ico/REMI/4739091995 0020002526891271 Order KXYRT7 Amadeus LFCPCZ 
BANK SUPERSAVER TRAVEL B.V. x0953 pasnr.012/PURP//CD/EPAY/ISDT/20
19-07-23
:62F:C190723EUR000000002201,38
:64:C190723EUR000000002201,38
:65:C190724EUR000000002201,38
:65:C190725EUR000000002201,38
:65:C190726EUR000000002201,38
:65:C190727EUR000000002201,38
:20:940S190724
:25:NL08RABO0341360953 EUR
:28C:19184
:60F:C190723EUR000000002201,38
:61:190724C000000001123,40N541EREF//15798975870
NL10RABO0317335375
:86:/EREF/REF19/393/2657 2019045/10003/TRCD/541/ORDP//NAME/SVB Dienst
verlening PGB/REMI/BETALINGSKENM.: 2019045/10003, ONZE REF.: 3768
9633, TOELICHTING: Yalcin/ISDT/2019-07-24
:61:190724C000000003308,13N541EREF//15798975395
NL10RABO0317335375
:86:/EREF/REF19/393/2871 10001/2019043/TRCD/541/ORDP//NAME/SVB Dienst
verlening PGB/REMI/BETALINGSKENM.: 10001/2019043, ONZE REF.: 3768
9631, TOELICHTING: Yurtkap/ISDT/2019-07-24
:61:190724C000000000449,80N541EREF//15798971949
NL10RABO0317335375
:86:/EREF/REF19/393/2974 2019044/TRCD/541/ORDP//NAME/SVB Dienstverlen
ing PGB/REMI/BETALINGSKENM.: 2019044, ONZE REF.: 37689632, TOELIC
HTING: Woude/ISDT/2019-07-24
:62F:C190724EUR000000007082,71
:64:C190724EUR000000007082,71
:65:C190725EUR000000007082,71
:65:C190726EUR000000007082,71
:65:C190727EUR000000007082,71
:65:C190728EUR000000007082,71
:20:940S190725
:25:NL08RABO0341360953 EUR
:28C:19185
:60F:C190724EUR000000007082,71
:61:190725D000000000003,00N065MARF//15794303296
NL44RABO0157182622
:86:/MARF/29877/EREF/1000000000375667/TRCD/065/ORDP//NAME/Stichting D
e Opkikker/REMI/Hartelijk dank voor uw donatie, RELATIE/FACTUUR:8
0631/673194/CSID/NL44ZZZ412471690000
:61:190725C000000000198,83N541EREF//15808793522
NL10RABO0317335375
:86:/EREF/REF19/401/12089 394925/jul-19/TRCD/541/ORDP//NAME/SVB Diens
tverlening PGB/REMI/BETALINGSKENM.: 394925/jul-19, ONZE REF.: 376
81803, TOELICHTING: Heistek/ISDT/2019-07-25
:61:190725C000000000449,80N541EREF//15808792405
NL10RABO0317335375
:86:/EREF/REF19/401/10648 387603/jul-19/TRCD/541/ORDP//NAME/SVB Diens
tverlening PGB/REMI/BETALINGSKENM.: 387603/jul-19, ONZE REF.: 376
80579, TOELICHTING: Birben/ISDT/2019-07-25
:61:190725C000000000974,56N541EREF//15808793473
NL10RABO0317335375
:86:/EREF/REF19/401/10957 389113/jul-19/TRCD/541/ORDP//NAME/SVB Diens
tverlening PGB/REMI/BETALINGSKENM.: 389113/jul-19, ONZE REF.: 376
79774, TOELICHTING: Taha Rafik Mohamad/ISDT/2019-07-25
:61:190725C000000000224,90N541EREF//15808791902
NL10RABO0317335375
:86:/EREF/REF19/401/11101 389853/jul-19/TRCD/541/ORDP//NAME/SVB Diens
tverlening PGB/REMI/BETALINGSKENM.: 389853/jul-19, ONZE REF.: 376
82191, TOELICHTING: Bayram/ISDT/2019-07-25
:61:190725C000000000899,60N541EREF//15808613496
NL10RABO0317335375
:86:/EREF/REF19/401/6065 365157/jul-19/TRCD/541/ORDP//NAME/SVB Dienst
verlening PGB/REMI/BETALINGSKENM.: 365157/jul-19, ONZE REF.: 3767
2008, TOELICHTING: Kelesoglu/ISDT/2019-07-25
:61:190725C000000000531,70N541EREF//15808791502
NL10RABO0317335375
:86:/EREF/REF19/401/12918 398872/jul-19/TRCD/541/ORDP//NAME/SVB Diens
tverlening PGB/REMI/BETALINGSKENM.: 398872/jul-19, ONZE REF.: 376
85529, TOELICHTING: Sbaa/ISDT/2019-07-25
:61:190725C000000000254,15N541EREF//15808618157
NL10RABO0317335375
:86:/EREF/REF19/401/3243 348201/jul-19/TRCD/541/ORDP//NAME/SVB Dienst
verlening PGB/REMI/BETALINGSKENM.: 348201/jul-19, ONZE REF.: 3767
0760, TOELICHTING: Yurtkap/ISDT/2019-07-25
:61:190725C000000000524,76N541EREF//15808614770
NL10RABO0317335375
:86:/EREF/REF19/401/9209 381157/jul-19/TRCD/541/ORDP//NAME/SVB Dienst
verlening PGB/REMI/BETALINGSKENM.: 381157/jul-19, ONZE REF.: 3767
8617, TOELICHTING: Ulu/ISDT/2019-07-25
:61:190725C000000004223,52N541EREF//15808801790
NL10RABO0317335375
:86:/EREF/REF19/397/3232 2019042-10000/TRCD/541/ORDP//NAME/SVB Dienst
verlening PGB/REMI/BETALINGSKENM.: 2019042-10000, ONZE REF.: 3769
2056, TOELICHTING: Celik/ISDT/2019-07-25
:61:190725C000000000620,53N541EREF//15808439701
NL10RABO0317335375
:86:/EREF/REF19/397/6991 182608/jul-19/TRCD/541/ORDP//NAME/SVB Dienst
verlening PGB/REMI/BETALINGSKENM.: 182608/jul-19, ONZE REF.: 3766
7435, TOELICHTING: Gulten/ISDT/2019-07-25
:61:190725D000000000332,00N544NONREF//OO9T000177784537
NL86INGB0002445588
:86:/TRCD/544/BENM//NAME/Belastingdienst te Apeldoorn/REMI//CDTRREFTP
//CD/SCOR/ISSR/CUR/CDTRREF/3167791397890008/ISDT/2019-07-25
:61:190725D000000000272,86N544NONREF//OO9T000177795955
NL13ABNA0582479991
:86:/TRCD/544/BENM//NAME/Denservice/REMI/Factuurnummer: 2018629, Zorg
buro Altun Domein, beveiligingvertifcaat en webhosting Derman/ISD
T/2019-07-25
:62F:C190725EUR000000015377,20
:64:C190725EUR000000015377,20
:65:C190726EUR000000015377,20
:65:C190727EUR000000015377,20
:65:C190728EUR000000015377,20
:65:C190729EUR000000015377,20
:20:940S190726
:25:NL08RABO0341360953 EUR
:28C:19186
:60F:C190725EUR000000015377,20
:62F:C190726EUR000000015377,20
:64:C190726EUR000000015377,20
:65:C190727EUR000000015377,20
:65:C190728EUR000000015377,20
:65:C190729EUR000000015377,20
:65:C190730EUR000000015377,20
:20:940S190727
:25:NL08RABO0341360953 EUR
:28C:19187
:60F:C190726EUR000000015377,20
:62F:C190727EUR000000015377,20
:64:C190727EUR000000015377,20
:65:C190728EUR000000015377,20
:65:C190729EUR000000015377,20
:65:C190730EUR000000015377,20
:65:C190731EUR000000015377,20
:20:940S190728
:25:NL08RABO0341360953 EUR
:28C:19188
:60F:C190727EUR000000015377,20
:61:190728D000000000600,00N547NONREF//OO9T000180073402
NL77RABO0341369799
:86:/TRCD/547/BENM//NAME/N.Altun/ISDT/2019-07-28
:62F:C190728EUR000000014777,20
:64:C190728EUR000000014777,20
:65:C190729EUR000000014777,20
:65:C190730EUR000000014777,20
:65:C190731EUR000000014777,20
:65:C190801EUR000000014777,20
:20:940S190729
:25:NL08RABO0341360953 EUR
:28C:19189
:60F:C190728EUR000000014777,20
:61:190729C000000000449,80N541EREF//15829133820
NL10RABO0317335375
:86:/EREF/REF19/405/3332 401945/jul-19/TRCD/541/ORDP//NAME/SVB Dienst
verlening PGB/REMI/BETALINGSKENM.: 401945/jul-19, ONZE REF.: 3770
3349, TOELICHTING: Buijs/ISDT/2019-07-29
:61:190729C000000000449,80N541EREF//15829133819
NL10RABO0317335375
:86:/EREF/REF19/405/3331 401945/jun-19/TRCD/541/ORDP//NAME/SVB Dienst
verlening PGB/REMI/BETALINGSKENM.: 401945/jun-19, ONZE REF.: 3770
3348, TOELICHTING: Buijs/ISDT/2019-07-29
:61:190729C000000000224,90N541EREF//15829133818
NL10RABO0317335375
:86:/EREF/REF19/405/3330 401945/mei-19/TRCD/541/ORDP//NAME/SVB Dienst
verlening PGB/REMI/BETALINGSKENM.: 401945/mei-19, ONZE REF.: 3770
3347, TOELICHTING: Buijs/ISDT/2019-07-29
:62F:C190729EUR000000015901,70
:64:C190729EUR000000015901,70
:65:C190730EUR000000015901,70
:65:C190731EUR000000015901,70
:65:C190801EUR000000015901,70
:65:C190802EUR000000015901,70
:20:940S190730
:25:NL08RABO0341360953 EUR
:28C:19190
:60F:C190729EUR000000015901,70
:62F:C190730EUR000000015901,70
:64:C190730EUR000000015901,70
:65:C190731EUR000000015901,70
:65:C190801EUR000000015901,70
:65:C190802EUR000000015901,70
:65:C190803EUR000000015901,70
:20:940S190731
:25:NL08RABO0341360953 EUR
:28C:19191
:60F:C190730EUR000000015901,70
:61:190731D000000000042,50N064MARF//15897054032
NL91INGB0000274250
:86:/MARF/M10019042611/EREF/000002026924768/TRCD/064/ORDP//NAME/Telfo
rt Thuis/REMI/Factuur 26-07-2019, klantnummer 1001769758, Vragen?
 Zie telfort.nl/factuur./CSID/NL82TFT271247010003
:61:190731D000000000446,26N544NONREF//OO9T000182676604
NL22ABNA0602325544
:86:/TRCD/544/BENM//NAME/Domevest Alkmar/REMI/21930180, Periode juli 
2019 Zorgburo Alltun kantoorruimte 2.03 huur/ISDT/2019-07-31
:61:190731D000000000408,74N544NONREF//OO9T000182676605
NL22ABNA0602325544
:86:/TRCD/544/BENM//NAME/Domavest B.V./REMI/21930179, Huur 2.01 Zorgb
uro Altun periode juli 2019/ISDT/2019-07-31
:61:190731D000000000446,26N544NONREF//OO9T000182676606
NL22ABNA0602325544
:86:/TRCD/544/BENM//NAME/Domavest B.V/REMI/201930203, Zorgburo Altun 
huur augustus 2019 ruimte 2.03/ISDT/2019-07-31
:61:190731D000000000408,74N544NONREF//OO9T000182676607
NL22ABNA0602325544
:86:/TRCD/544/BENM//NAME/Domavest BV/REMI/21930202 Zorgburo Altun, hu
ur 2.01 periode augustus 2019/ISDT/2019-07-31
:61:190731D000000000292,96N544NONREF//OO9T000182956515
NL63ABNA0825450802
:86:/TRCD/544/BENM//NAME/L.Ayyoub/REMI/Loon kalendermaand juli 2019/I
SDT/2019-07-31
:61:190731D000000000345,82N544NONREF//OO9T000182956516
NL27INGB0756969395
:86:/TRCD/544/BENM//NAME/I. Jerjis/REMI/Loon kalendermaand juli 2019/
ISDT/2019-07-31
:61:190731D000000002996,69N544NONREF//OO9T000182956517
NL30RABO0123998204
:86:/TRCD/544/BENM//NAME/I.Alabas/REMI/Loon kalendermaand juli 2019/I
SDT/2019-07-31
:61:190731D000000000245,55N544NONREF//OO9T000182956518
NL46ABNA0512143242
:86:/TRCD/544/BENM//NAME/L.G. Gebremichael/REMI/Loon kalendermaand ju
li 2019/ISDT/2019-07-31
:61:190801D000000000037,24N544NONREF//O9172026060
NL63TRIO0786922559
:86:/TRCD/544/BENM//NAME/M.Lips/REMI/Loon kalendermaand juli 2019/ISD
T/2019-08-01
:62F:C190731EUR000000010230,94
:64:C190731EUR000000010268,18
:65:C190801EUR000000010230,94
:65:C190802EUR000000010230,94
:65:C190803EUR000000010230,94
:65:C190804EUR000000010230,94
:20:940S190801
:25:NL08RABO0341360953 EUR
:28C:19192
:60F:C190731EUR000000010230,94
:61:190801D000000001401,18N064MARF//16075290642
NL89INGB0651980038
:86:/MARF/SR-14396/EREF/0000100057480005745000249992RCUR/TRCD/064/ORD
P//NAME/De Hooge Waerder Alkmaar B.V./REMI/1126582/CSID/NL86ZZZ37
0709440000/ULTD//NAME/Zorgburo Altun
:61:190801D000000000096,97N064MARF//16074330878
NL32INGB0666261016
:86:/MARF/000770587000000133180/EREF/1-13015-33161116/TRCD/064/ORDP//
NAME/Zicht risico- en verzekeringsadviseurs/REMI/Zicht Ondernemer
sPakket Refnr P526500770587001 2019-08-01/CSID/NL03ZZZ27093787000
0
:61:190801D000000000419,83N030NONREF//032419EQ16322921
0000000000
:86:/TRCD/030/BENM//NAME/New Office Centre B.V. ALKMAAR/REMI/Betaalau
tomaat 16:32 pasnr. 012
:62F:C190801EUR000000008312,96
:64:C190801EUR000000008312,96
:65:C190802EUR000000008312,96
:65:C190803EUR000000008312,96
:65:C190804EUR000000008312,96
:65:C190805EUR000000008312,96
:20:940S190802
:25:NL08RABO0341360953 EUR
:28C:19193
:60F:C190801EUR000000008312,96
:61:190802D000000000300,00N547NONREF//OO9T000184970168
NL77RABO0341369799
:86:/TRCD/547/BENM//NAME/N.Altun/ISDT/2019-08-02
:61:190802D000000007500,00N504NONREF
NL81RABO1479887439
:86:/TRCD/504/BENM//NAME/ZORGBURO ALTUN/ISDT/2019-08-02
:61:190802D000000000001,20N002NONREF//00R9HP204724214B
0000000000
:86:/TRCD/002/BENM//NAME/Parking Zuidtangent HEERHUGOWAARD/REMI/Betaa
lautomaat 20:47 pasnr. 012
:62F:C190802EUR000000000511,76
:64:C190802EUR000000000511,76
:65:C190803EUR000000000511,76
:65:C190804EUR000000000511,76
:65:C190805EUR000000000511,76
:65:C190806EUR000000000511,76
:20:940S190803
:25:NL08RABO0341360953 EUR
:28C:19194
:60F:C190802EUR000000000511,76
:61:190803D000000000250,00N547NONREF//OO9T000185635869
NL77RABO0341369799
:86:/TRCD/547/BENM//NAME/N.Altun/ISDT/2019-08-03
:62F:C190803EUR000000000261,76
:64:C190803EUR000000000261,76
:65:C190804EUR000000000261,76
:65:C190805EUR000000000261,76
:65:C190806EUR000000000261,76
:65:C190807EUR000000000261,76
:20:940S190804
:25:NL08RABO0341360953 EUR
:28C:19195
:60F:C190803EUR000000000261,76
:62F:C190804EUR000000000261,76
:64:C190804EUR000000000261,76
:65:C190805EUR000000000261,76
:65:C190806EUR000000000261,76
:65:C190807EUR000000000261,76
:65:C190808EUR000000000261,76
:20:940S190805
:25:NL08RABO0341360953 EUR
:28C:19196
:60F:C190804EUR000000000261,76
:61:190805D000000000242,00N065MARF//16087135623
NL20RABO0315674652
:86:/MARF/ALTUN01/EREF/ALTUN01-2192704/ALTUN01-2192705/TRCD/065/ORDP/
/NAME/Vitrina B.V./REMI/automatische incasso/NWZ ALKMAAR.2180229.
0109M.181220/SPAARNE GASTHUIS.2180230.0109M.181220/CSID/NL70ZZZ34
0987020000
:61:190805D000000000005,00N002NONREF//H549VD102443217B
0000000000
:86:/TRCD/002/BENM//NAME/McDonald's Alkmaar ALKMAAR/REMI/Betaalautoma
at 10:24 pasnr. 012
:61:190805C000000000310,39N541EREF//16101638550
NL10RABO0317335375
:86:/EREF/REF19/423/4097 2019047/TRCD/541/ORDP//NAME/SVB Dienstverlen
ing PGB/REMI/BETALINGSKENM.: 2019047, ONZE REF.: 37720080, TOELIC
HTING: Yurtkap/ISDT/2019-08-05
:61:190805C000000000449,80N541EREF//16101639252
NL10RABO0317335375
:86:/EREF/REF19/423/4364 2019051/TRCD/541/ORDP//NAME/SVB Dienstverlen
ing PGB/REMI/BETALINGSKENM.: 2019051, ONZE REF.: 37720407, TOELIC
HTING: Woude/ISDT/2019-08-05
:61:190805C000000000310,39N541EREF//16101638551
NL10RABO0317335375
:86:/EREF/REF19/423/4098 10005/2019053/TRCD/541/ORDP//NAME/SVB Dienst
verlening PGB/REMI/BETALINGSKENM.: 10005/2019053, ONZE REF.: 3772
0405, TOELICHTING: Yurtkap/ISDT/2019-08-05
:61:190805C000000000906,10N541EREF//16101639222
NL10RABO0317335375
:86:/EREF/REF19/423/3992 2019048/TRCD/541/ORDP//NAME/SVB Dienstverlen
ing PGB/REMI/BETALINGSKENM.: 2019048, ONZE REF.: 37720402, TOELIC
HTING: Yalcin/ISDT/2019-08-05
:61:190805C000000003308,13N541EREF//16101652786
NL10RABO0317335375
:86:/EREF/REF19/423/4294 10001/2019050/TRCD/541/ORDP//NAME/SVB Dienst
verlening PGB/REMI/BETALINGSKENM.: 10001/2019050, ONZE REF.: 3772
0410, TOELICHTING: Yurtkap/ISDT/2019-08-05
:61:190805D000000000002,25N002NONREF//641N36144202217B
0000000000
:86:/TRCD/002/BENM//NAME/Albert Heijn 1385 ALKMAAR/REMI/Betaalautomaa
t 14:42 pasnr. 012
:62F:C190805EUR000000005297,32
:64:C190805EUR000000005297,32
:65:C190806EUR000000005297,32
:65:C190807EUR000000005297,32
:65:C190808EUR000000005297,32
:65:C190809EUR000000005297,32
:20:940S190806
:25:NL08RABO0341360953 EUR
:28C:19197
:60F:C190805EUR000000005297,32
:61:190806D000000000050,60N064MARF//16089773313
NL12COBA0733959555
:86:/MARF/1.17725112-001/EREF/501414170837/TRCD/064/ORDP//NAME/T-MOBI
LE NETHERLANDS B.V./REMI/Factuurnummer 901353826972/CSID/NL93ZZZ3
32656790051
:61:190806D000000000003,50N002NONREF//FFW1FY185222218B
0000000000
:86:/TRCD/002/BENM//NAME/Park.Gar. Schelphoek Alkmaar/REMI/Betaalauto
maat 18:52 pasnr. 012
:62F:C190806EUR000000005243,22
:64:C190806EUR000000005243,22
:65:C190807EUR000000005243,22
:65:C190808EUR000000005243,22
:65:C190809EUR000000005243,22
:65:C190810EUR000000005243,22
:20:940S190807
:25:NL08RABO0341360953 EUR
:28C:19198
:60F:C190806EUR000000005243,22
:61:190807D000000000026,30N064MARF//16105037897
NL13ABNA0243185340
:86:/MARF/NL-0001436196-20190516/EREF/RCUR-2019-218-022505-19433212/T
RCD/064/ORDP//NAME/BEH MOBILITEITSGELDEN/REMI/YELLOWBRICK REF K13
 3519-0FNL-1943-3212/CSID/NL19ZZZ342502210000
:61:190807D000000000011,70N002NONREF//0S7CC0152234219B
0000000000
:86:/TRCD/002/BENM//NAME/Bagels & Beans HEERHUGOWAARD/REMI/Betaalauto
maat 15:22 pasnr. 012
:61:190807D000000001000,00N547NONREF//OO9T000188385257
NL77RABO0341369799
:86:/TRCD/547/BENM//NAME/N.Altun/ISDT/2019-08-07
:61:190807D000000000001,80N002NONREF//01HC34161558219B
0000000000
:86:/TRCD/002/BENM//NAME/Parking Zuidtangent HEERHUGOWAARD/REMI/Betaa
lautomaat 16:15 pasnr. 012
:62F:C190807EUR000000004203,42
:64:C190807EUR000000004203,42
:65:C190808EUR000000004203,42
:65:C190809EUR000000004203,42
:65:C190810EUR000000004203,42
:65:C190811EUR000000004203,42
:20:940S190808
:25:NL08RABO0341360953 EUR
:28C:19199
:60F:C190807EUR000000004203,42
:61:190808D000000000006,66N064MARF//16108034266
NL96ABNA0401863042
:86:/MARF/5000017003001/EREF/SLDD-0434605-5653596805/TRCD/064/ORDP//N
AME/TRAVELCARD/REMI/N00546397/CSID/NL59ZZZ390373820000
:61:190808D000000000181,14N064MARF//16108040156
NL96ABNA0401863042
:86:/MARF/5000017003001/EREF/SLDD-0434604-5653596804/TRCD/064/ORDP//N
AME/TRAVELCARD/REMI/N00546396/CSID/NL59ZZZ390373820000
:62F:C190808EUR000000004015,62
:64:C190808EUR000000004015,62
:65:C190809EUR000000004015,62
:65:C190810EUR000000004015,62
:65:C190811EUR000000004015,62
:65:C190812EUR000000004015,62
:20:940S190809
:25:NL08RABO0341360953 EUR
:28C:19200
:60F:C190808EUR000000004015,62
:61:190809D000000002014,00N547NONREF//OO9T000189761541
NL86INGB0002445588
:86:/TRCD/547/BENM//NAME/Belastingdienst te Apeldoorn/REMI//CDTRREFTP
//CD/SCOR/ISSR/CUR/CDTRREF/8167791396901070/ISDT/2019-08-09
:62F:C190809EUR000000002001,62
:64:C190809EUR000000002001,62
:65:C190810EUR000000002001,62
:65:C190811EUR000000002001,62
:65:C190812EUR000000002001,62
:65:C190813EUR000000002001,62
:20:940S190810
:25:NL08RABO0341360953 EUR
:28C:19201
:60F:C190809EUR000000002001,62
:62F:C190810EUR000000002001,62
:64:C190810EUR000000002001,62
:65:C190811EUR000000002001,62
:65:C190812EUR000000002001,62
:65:C190813EUR000000002001,62
:65:C190814EUR000000002001,62
:20:940S190811
:25:NL08RABO0341360953 EUR
:28C:19202
:60F:C190810EUR000000002001,62
:62F:C190811EUR000000002001,62
:64:C190811EUR000000002001,62
:65:C190812EUR000000002001,62
:65:C190813EUR000000002001,62
:65:C190814EUR000000002001,62
:65:C190815EUR000000002001,62
:20:940S190812
:25:NL08RABO0341360953 EUR
:28C:19203
:60F:C190811EUR000000002001,62
:61:190812D000000000004,75N002NONREF//641N36121702224B
0000000000
:86:/TRCD/002/BENM//NAME/Albert Heijn 1385 ALKMAAR/REMI/Betaalautomaa
t 12:17 pasnr. 012
:62F:C190812EUR000000001996,87
:64:C190812EUR000000001996,87
:65:C190813EUR000000001996,87
:65:C190814EUR000000001996,87
:65:C190815EUR000000001996,87
:65:C190816EUR000000001996,87
:20:940S190813
:25:NL08RABO0341360953 EUR
:28C:19204
:60F:C190812EUR000000001996,87
:61:190813D000000000013,00N064MARF//16120790920
NL20ABNA0426194241
:86:/MARF/H05883-1/EREF/1908130588345320/TRCD/064/ORDP//NAME/PZN B V/
REMI/PerSaldo Hulpgids 4033443/CSID/NL45ZZZ342178680000
:62F:C190813EUR000000001983,87
:64:C190813EUR000000001983,87
:65:C190814EUR000000001983,87
:65:C190815EUR000000001983,87
:65:C190816EUR000000001983,87
:65:C190817EUR000000001983,87
:20:940S190814
:25:NL08RABO0341360953 EUR
:28C:19205
:60F:C190813EUR000000001983,87
:61:190814D000000000011,30N002NONREF//0S7CC0131242226B
0000000000
:86:/TRCD/002/BENM//NAME/Bagels & Beans HEERHUGOWAARD/REMI/Betaalauto
maat 13:12 pasnr. 012
:61:190814D000000000001,80N002NONREF//01HC34135229226B
0000000000
:86:/TRCD/002/BENM//NAME/Parking Zuidtangent HEERHUGOWAARD/REMI/Betaa
lautomaat 13:52 pasnr. 012
:61:190814D000000000034,99N002NONREF//BS02593117353222
0000000000
:86:/TRCD/002/BENM//NAME/THE READSHOP PURMEREND/REMI/Betaalautomaat 1
7:35 pasnr. 012
:62F:C190814EUR000000001935,78
:64:C190814EUR000000001935,78
:65:C190815EUR000000001935,78
:65:C190816EUR000000001935,78
:65:C190817EUR000000001935,78
:65:C190818EUR000000001935,78
:20:940S190815
:25:NL08RABO0341360953 EUR
:28C:19206
:60F:C190814EUR000000001935,78
:61:190815D000000000793,76N064MARF//16125077634
NL89INGB0651980038
:86:/MARF/SR-14396/EREF/0000100057750005772000250555RCUR/TRCD/064/ORD
P//NAME/De Hooge Waerder Alkmaar B.V./REMI/1127144/CSID/NL86ZZZ37
0709440000/ULTD//NAME/Zorgburo Altun
:61:190815D000000000127,59N064MARF//16125604248
NL31COBA0637053788
:86:/MARF/CS1143792-0341360953-01/EREF/ARNLNL1911826199/TRCD/064/ORDP
//NAME/TELE2 NEDERLAND B.V./REMI/ARNLNL1911826199/CSID/NL12T2N333
034180000
:62F:C190815EUR000000001014,43
:64:C190815EUR000000001014,43
:65:C190816EUR000000001014,43
:65:C190817EUR000000001014,43
:65:C190818EUR000000001014,43
:65:C190819EUR000000001014,43
:20:940S190816
:25:NL08RABO0341360953 EUR
:28C:19207
:60F:C190815EUR000000001014,43
:61:190816D000000000004,49N002NONREF//641N36103237228B
0000000000
:86:/TRCD/002/BENM//NAME/Albert Heijn 1385 ALKMAAR/REMI/Betaalautomaa
t 10:32 pasnr. 012
:61:190816D000000000003,00N002NONREF//641N36103255228B
0000000000
:86:/TRCD/002/BENM//NAME/Albert Heijn 1385 ALKMAAR/REMI/Betaalautomaa
t 10:32 pasnr. 012
:61:190816D000000000002,50N002NONREF//H549VD122339228B
0000000000
:86:/TRCD/002/BENM//NAME/McDonald's Alkmaar ALKMAAR/REMI/Betaalautoma
at 12:23 pasnr. 012
:62F:C190816EUR000000001004,44
:64:C190816EUR000000001004,44
:65:C190817EUR000000001004,44
:65:C190818EUR000000001004,44
:65:C190819EUR000000001004,44
:65:C190820EUR000000001004,44
:20:940S190817
:25:NL08RABO0341360953 EUR
:28C:19208
:60F:C190816EUR000000001004,44
:61:190817D000000000500,00N547NONREF//OO9T000195956573
NL77RABO0341369799
:86:/TRCD/547/BENM//NAME/N.Altun/ISDT/2019-08-17
:62F:C190817EUR000000000504,44
:64:C190817EUR000000000504,44
:65:C190818EUR000000000504,44
:65:C190819EUR000000000504,44
:65:C190820EUR000000000504,44
:65:C190821EUR000000000504,44
:20:940S190818
:25:NL08RABO0341360953 EUR
:28C:19209
:60F:C190817EUR000000000504,44
:62F:C190818EUR000000000504,44
:64:C190818EUR000000000504,44
:65:C190819EUR000000000504,44
:65:C190820EUR000000000504,44
:65:C190821EUR000000000504,44
:65:C190822EUR000000000504,44
:20:940S190819
:25:NL08RABO0341360953 EUR
:28C:19210
:60F:C190818EUR000000000504,44
:61:190819D000000000014,85N002NONREF//FM3LF2122843231B
0000000000
:86:/TRCD/002/BENM//NAME/Serifoglu west AMSTERDAM/REMI/Betaalautomaat
 12:28 pasnr. 012
:62F:C190819EUR000000000489,59
:64:C190819EUR000000000489,59
:65:C190820EUR000000000489,59
:65:C190821EUR000000000489,59
:65:C190822EUR000000000489,59
:65:C190823EUR000000000489,59
:20:940S190820
:25:NL08RABO0341360953 EUR
:28C:19211
:60F:C190819EUR000000000489,59
:62F:C190820EUR000000000489,59
:64:C190820EUR000000000489,59
:65:C190821EUR000000000489,59
:65:C190822EUR000000000489,59
:65:C190823EUR000000000489,59
:65:C190824EUR000000000489,59
:20:940S190821
:25:NL08RABO0341360953 EUR
:28C:19212
:60F:C190820EUR000000000489,59
:61:190821D000000000019,78N002NONREF//5WVG04191502233B
0000000000
:86:/TRCD/002/BENM//NAME/Vomar Raadhuisplein HEERHUGOWAARD/REMI/Betaa
lautomaat 19:15 pasnr. 012
:62F:C190821EUR000000000469,81
:64:C190821EUR000000000469,81
:65:C190822EUR000000000469,81
:65:C190823EUR000000000469,81
:65:C190824EUR000000000469,81
:65:C190825EUR000000000469,81
:20:940S190822
:25:NL08RABO0341360953 EUR
:28C:19213
:60F:C190821EUR000000000469,81
:62F:C190822EUR000000000469,81
:64:C190822EUR000000000469,81
:65:C190823EUR000000000469,81
:65:C190824EUR000000000469,81
:65:C190825EUR000000000469,81
:65:C190826EUR000000000469,81
:20:940S190823
:25:NL08RABO0341360953 EUR
:28C:19214
:60F:C190822EUR000000000469,81
:61:190823D000000000025,00N030NONREF//FM3LF2124959235B
0000000000
:86:/TRCD/030/BENM//NAME/Serifoglu west AMSTERDAM/REMI/Betaalautomaat
 12:49 pasnr. 012
:61:190823C000000000974,56N541EREF//16172175387
NL10RABO0317335375
:86:/EREF/REF19/460/11205 389113/aug-19/TRCD/541/ORDP//NAME/SVB Diens
tverlening PGB/REMI/BETALINGSKENM.: 389113/aug-19, ONZE REF.: 378
15799, TOELICHTING: Taha Rafik Mohamad/ISDT/2019-08-23
:61:190823C000000000449,80N541EREF//16172174280
NL10RABO0317335375
:86:/EREF/REF19/460/13967 401945/aug-19/TRCD/541/ORDP//NAME/SVB Diens
tverlening PGB/REMI/BETALINGSKENM.: 401945/aug-19, ONZE REF.: 378
21405, TOELICHTING: Buijs/ISDT/2019-08-23
:61:190823C000000000449,80N541EREF//16172172358
NL10RABO0317335375
:86:/EREF/REF19/460/10872 387603/aug-19/TRCD/541/ORDP//NAME/SVB Diens
tverlening PGB/REMI/BETALINGSKENM.: 387603/aug-19, ONZE REF.: 378
16566, TOELICHTING: Birben/ISDT/2019-08-23
:61:190823C000000000224,90N541EREF//16172172389
NL10RABO0317335375
:86:/EREF/REF19/460/11350 389853/aug-19/TRCD/541/ORDP//NAME/SVB Diens
tverlening PGB/REMI/BETALINGSKENM.: 389853/aug-19, ONZE REF.: 378
18123, TOELICHTING: Bayram/ISDT/2019-08-23
:61:190823C000000000198,83N541EREF//16172170461
NL10RABO0317335375
:86:/EREF/REF19/460/12398 394925/aug-19/TRCD/541/ORDP//NAME/SVB Diens
tverlening PGB/REMI/BETALINGSKENM.: 394925/aug-19, ONZE REF.: 378
17746, TOELICHTING: Heistek/ISDT/2019-08-23
:61:190823C000000000531,70N541EREF//16172170922
NL10RABO0317335375
:86:/EREF/REF19/460/13358 398872/aug-19/TRCD/541/ORDP//NAME/SVB Diens
tverlening PGB/REMI/BETALINGSKENM.: 398872/aug-19, ONZE REF.: 378
21448, TOELICHTING: Sbaa/ISDT/2019-08-23
:61:190823C000000000620,53N541EREF//16172138394
NL10RABO0317335375
:86:/EREF/REF19/458/7181 182608/aug-19/TRCD/541/ORDP//NAME/SVB Dienst
verlening PGB/REMI/BETALINGSKENM.: 182608/aug-19, ONZE REF.: 3780
3807, TOELICHTING: Gulten/ISDT/2019-08-23
:61:190823C000000000254,15N541EREF//16172118443
NL10RABO0317335375
:86:/EREF/REF19/460/3283 348201/aug-19/TRCD/541/ORDP//NAME/SVB Dienst
verlening PGB/REMI/BETALINGSKENM.: 348201/aug-19, ONZE REF.: 3780
7056, TOELICHTING: Yurtkap/ISDT/2019-08-23
:61:190823D000000000010,25N002NONREF//CT06956014355323
0000000000
:86:/TRCD/002/BENM//NAME/CCV*RESTAURANT MERAM O AMSTERDAM/REMI/Betaal
automaat 14:35 pasnr. 012
:62F:C190823EUR000000004138,83
:64:C190823EUR000000004138,83
:65:C190824EUR000000004138,83
:65:C190825EUR000000004138,83
:65:C190826EUR000000004138,83
:65:C190827EUR000000004138,83
:20:940S190824
:25:NL08RABO0341360953 EUR
:28C:19215
:60F:C190823EUR000000004138,83
:62F:C190824EUR000000004138,83
:64:C190824EUR000000004138,83
:65:C190825EUR000000004138,83
:65:C190826EUR000000004138,83
:65:C190827EUR000000004138,83
:65:C190828EUR000000004138,83
:20:940S190825
:25:NL08RABO0341360953 EUR
:28C:19216
:60F:C190824EUR000000004138,83
:62F:C190825EUR000000004138,83
:64:C190825EUR000000004138,83
:65:C190826EUR000000004138,83
:65:C190827EUR000000004138,83
:65:C190828EUR000000004138,83
:65:C190829EUR000000004138,83
:20:940S190826
:25:NL08RABO0341360953 EUR
:28C:19217
:60F:C190825EUR000000004138,83
:61:190826D000000000003,00N065MARF//16167412050
NL44RABO0157182622
:86:/MARF/29877/EREF/3000000000386728/TRCD/065/ORDP//NAME/Stichting D
e Opkikker/REMI/Hartelijk dank voor uw donatie, RELATIE/FACTUUR:8
0631/683991/CSID/NL44ZZZ412471690000
:61:190826D000000000500,00N547NONREF//OO9T000204098751
NL77RABO0341369799
:86:/TRCD/547/BENM//NAME/N.Altun/ISDT/2019-08-26
:61:190826D000000000017,86N002NONREF//52TJR4183042238B
0000000000
:86:/TRCD/002/BENM//NAME/Albert Heijn 1385 ALKMAAR/REMI/Betaalautomaa
t 18:30 pasnr. 012
:61:190826D000000000000,20N002NONREF//52TJR4183218238B
0000000000
:86:/TRCD/002/BENM//NAME/Albert Heijn 1385 ALKMAAR/REMI/Betaalautomaa
t 18:32 pasnr. 012
:62F:C190826EUR000000003617,77
:64:C190826EUR000000003617,77
:65:C190827EUR000000003617,77
:65:C190828EUR000000003617,77
:65:C190829EUR000000003617,77
:65:C190830EUR000000003617,77
:20:940S190827
:25:NL08RABO0341360953 EUR
:28C:19218
:60F:C190826EUR000000003617,77
:61:190827D000000000009,46N002NONREF//1ZYB92185239239B
0000000000
:86:/TRCD/002/BENM//NAME/Albert Heijn 1269 HEERHUGOWAARD/REMI/Betaala
utomaat 18:52 pasnr. 012
:62F:C190827EUR000000003608,31
:64:C190827EUR000000003608,31
:65:C190828EUR000000003608,31
:65:C190829EUR000000003608,31
:65:C190830EUR000000003608,31
:65:C190831EUR000000003608,31
:20:940S190828
:25:NL08RABO0341360953 EUR
:28C:19219
:60F:C190827EUR000000003608,31
:62F:C190828EUR000000003608,31
:64:C190828EUR000000003608,31
:65:C190829EUR000000003608,31
:65:C190830EUR000000003608,31
:65:C190831EUR000000003608,31
:65:C190901EUR000000003608,31
:20:940S190829
:25:NL08RABO0341360953 EUR
:28C:19220
:60F:C190828EUR000000003608,31
:62F:C190829EUR000000003608,31
:64:C190829EUR000000003608,31
:65:C190830EUR000000003608,31
:65:C190831EUR000000003608,31
:65:C190901EUR000000003608,31
:65:C190902EUR000000003608,31
:20:940S190830
:25:NL08RABO0341360953 EUR
:28C:19221
:60F:C190829EUR000000003608,31
:61:190830D000000000042,50N064MARF//16205621043
NL91INGB0000274250
:86:/MARF/M10019042611/EREF/000002027551829/TRCD/064/ORDP//NAME/Telfo
rt Thuis/REMI/Factuur 26-08-2019, klantnummer 1001769758, Vragen?
 Zie telfort.nl/factuur./CSID/NL82TFT271247010003
:61:190830D000000000500,00N547NONREF//OO9T000208067445
NL77RABO0341369799
:86:/TRCD/547/BENM//NAME/N.Altun/ISDT/2019-08-30
:61:190830D000000000083,20N002NONREF//0ZWM17173355242B
0000000000
:86:/TRCD/002/BENM//NAME/MM The Corner ROTTERDAM/REMI/Betaalautomaat 
17:33 pasnr. 012
:61:190830D000000000023,30N002NONREF//CT66029219182824
0000000000
:86:/TRCD/002/BENM//NAME/CCV*COCONUTS BV ROTTERDAM/REMI/Betaalautomaa
t 19:18 pasnr. 012
:62F:C190830EUR000000002959,31
:64:C190830EUR000000002959,31
:65:C190831EUR000000002959,31
:65:C190901EUR000000002959,31
:65:C190902EUR000000002959,31
:65:C190903EUR000000002959,31
:20:940S190831
:25:NL08RABO0341360953 EUR
:28C:19222
:60F:C190830EUR000000002959,31
:61:190831C000000004000,00N691NONREF//OO9T000208645569
NL81RABO1479887439
:86:/TRCD/691/ORDP//NAME/Zorgburo Altun/ISDT/2019-08-31
:61:190831D000000000534,66N547NONREF//OO9T000208647835
NL63ABNA0825450802
:86:/TRCD/547/BENM//NAME/L.Ayyoub/REMI/Maand loon Augustus 2019/ISDT/
2019-08-31
:61:190902D000000000160,77N547NONREF//O9181217311
NL63TRIO0786922559
:86:/TRCD/547/BENM//NAME/M.Lips/REMI/Maand loon Augustus 2019/ISDT/20
19-09-02
:61:190831D000000000261,92N547NONREF//OO9T000208650401
NL27INGB0756969395
:86:/TRCD/547/BENM//NAME/I. Jerjis/REMI/Maandloon Augustus 2019/ISDT/
2019-08-31
:61:190831D000000002429,85N547NONREF//OO9T000208652060
NL30RABO0123998204
:86:/TRCD/547/BENM//NAME/I.Alabas/REMI/Maandloon Augustus 2019/ISDT/2
019-08-31
:61:190831D000000000244,74N547NONREF//OO9T000208654974
NL46ABNA0512143242
:86:/TRCD/547/BENM//NAME/L.G. Gebremichael/REMI/Maandloon Augustus 20
19/ISDT/2019-08-31
:61:190831D000000000108,90N547NONREF//OO9T000208656541
NL50ABNA0811013944
:86:/TRCD/547/BENM//NAME/Saarl Superschoon/REMI/Maand Juli 2019/ISDT/
2019-08-31
:61:190831D000000000408,74N547NONREF//OO9T000208658949
NL22ABNA0602325544
:86:/TRCD/547/BENM//NAME/Domavest BV/REMI/Huur september 2019 factuur
nummer 21930225/ISDT/2019-08-31
:61:190831D000000000446,26N547NONREF//OO9T000208660564
NL22ABNA0602325544
:86:/TRCD/547/BENM//NAME/Domavest BV/REMI/Huur september 2019factuurn
ummer 21930226/ISDT/2019-08-31
:61:190831D000000001000,00N547NONREF//OO9T000208737507
NL77RABO0341369799
:86:/TRCD/547/BENM//NAME/N.Altun/REMI/Prive gebruik/ISDT/2019-08-31
:61:190831D000000000062,70N002NONREF//CT08327120383624
0000000000
:86:/TRCD/002/BENM//NAME/CCV*RESTAURANT HANIMEL AMSTERDAM/REMI/Betaal
automaat 20:38 pasnr. 012
:62F:C190831EUR000000001300,77
:64:C190831EUR000000001461,54
:65:C190901EUR000000001461,54
:65:C190902EUR000000001300,77
:65:C190903EUR000000001300,77
:65:C190904EUR000000001300,77
:20:940S190901
:25:NL08RABO0341360953 EUR
:28C:19223
:60F:C190831EUR000000001300,77
:61:190901D000000000015,02N002NONREF//522SSL183151244B
0000000000
:86:/TRCD/002/BENM//NAME/Albert Heijn 1385 ALKMAAR/REMI/Betaalautomaa
t 18:31 pasnr. 012
:62F:C190901EUR000000001285,75
:64:C190901EUR000000001446,52
:65:C190902EUR000000001285,75
:65:C190903EUR000000001285,75
:65:C190904EUR000000001285,75
:65:C190905EUR000000001285,75
:20:940S190902
:25:NL08RABO0341360953 EUR
:28C:19224
:60F:C190901EUR000000001285,75
:61:190902C000000000300,00N541EREF//16224089113
NL36INGB0003445588
:86:/EREF/GVSXX20190828046527659/TRCD/541/ORDP//NAME/BELASTINGDIENST/
REMI/TERUGGAAF  NR. 167791394F019210    OMZ.B.1EKWART19   (TOL   
      )/ISDT/2019-09-02
:61:190902D000000000096,97N064MARF//16209764438
NL32INGB0666261016
:86:/MARF/000770587000000133180/EREF/1-13209-33564742/TRCD/064/ORDP//
NAME/Zicht risico- en verzekeringsadviseurs/REMI/Zicht Ondernemer
sPakket Refnr P526500770587001 2019-09-01/CSID/NL03ZZZ27093787000
0
:61:190902D000000000035,77N002NONREF//229402182803245B
0000000000
:86:/TRCD/002/BENM//NAME/Vomar Plantage BEVERWIJK/REMI/Betaalautomaat
 18:28 pasnr. 012
:62F:C190902EUR000000001453,01
:64:C190902EUR000000001453,01
:65:C190903EUR000000001453,01
:65:C190904EUR000000001453,01
:65:C190905EUR000000001453,01
:65:C190906EUR000000001453,01
:20:940S190903
:25:NL08RABO0341360953 EUR
:28C:19225
:60F:C190902EUR000000001453,01
:61:190903D000000000008,20N002NONREF//61VCF5170939246B
0000000000
:86:/TRCD/002/BENM//NAME/Hema EV 336 ALKMAAR/REMI/Betaalautomaat 17:0
9 pasnr. 012
:61:190903D000000000014,37N002NONREF//UC9601172618246B
0000000000
:86:/TRCD/002/BENM//NAME/Blokker331 Alkmaar ALKMAAR/REMI/Betaalautoma
at 17:26 pasnr. 012
:62F:C190903EUR000000001430,44
:64:C190903EUR000000001430,44
:65:C190904EUR000000001430,44
:65:C190905EUR000000001430,44
:65:C190906EUR000000001430,44
:65:C190907EUR000000001430,44
:20:940S190904
:25:NL08RABO0341360953 EUR
:28C:19226
:60F:C190903EUR000000001430,44
:61:190904D000000000242,00N065MARF//16227323337
NL20RABO0315674652
:86:/MARF/ALTUN01/EREF/ALTUN01-2193015/ALTUN01-2193016/TRCD/065/ORDP/
/NAME/Vitrina B.V./REMI/automatische incasso/NWZ ALKMAAR.2180229.
0110M.181220/SPAARNE GASTHUIS.2180230.0110M.181220/CSID/NL70ZZZ34
0987020000
:61:190904D000000000021,76N002NONREF//6D3LG3084047247B
0000000000
:86:/TRCD/002/BENM//NAME/Albert Heijn 1075 ALKMAAR/REMI/Betaalautomaa
t 08:40 pasnr. 012
:61:190904D000000000017,95N030NONREF//1HMZ99085031247B
0000000000
:86:/TRCD/030/BENM//NAME/Charo Bloemen ALKMAAR/REMI/Betaalautomaat 08
 50 pasnr. 012
:62F:C190904EUR000000001148,73
:64:C190904EUR000000001148,73
:65:C190905EUR000000001148,73
:65:C190906EUR000000001148,73
:65:C190907EUR000000001148,73
:65:C190908EUR000000001148,73
:20:940S190905
:25:NL08RABO0341360953 EUR
:28C:19227
:60F:C190904EUR000000001148,73
:62F:C190905EUR000000001148,73
:64:C190905EUR000000001148,73
:65:C190906EUR000000001148,73
:65:C190907EUR000000001148,73
:65:C190908EUR000000001148,73
:65:C190909EUR000000001148,73
:20:940S190906
:25:NL08RABO0341360953 EUR
:28C:19228
:60F:C190905EUR000000001148,73
:61:190906D000000000051,00N002NONREF//7212942611212324
0000000000
:86:/TRCD/002/BENM//NAME/Rituals Heerhugowaar/REMI/Betaalautomaat 11:
21 pasnr. 012
:61:190906D000000000006,27N002NONREF//TS4503134518249B
0000000000
:86:/TRCD/002/BENM//NAME/Jumbo Alkmaar Paard ALKMAAR/REMI/Betaalautom
aat 13:45 pasnr. 012
:61:190906D000000000256,85N030NONREF//AL05261120541724
0000000000
:86:/TRCD/030/BENM//NAME/CCV*RESTAURANT UMA ALK ALKMAAR/REMI/Betaalau
tomaat 20:54 pasnr. 012
:61:190906D000000000004,20N002NONREF//0305303721050424
0000000000
:86:/TRCD/002/BENM//NAME/Park. Gar. De Vest ALKMAAR/REMI/Betaalautoma
at 21:05 pasnr. 012
:62F:C190906EUR000000000830,41
:64:C190906EUR000000000830,41
:65:C190907EUR000000000830,41
:65:C190908EUR000000000830,41
:65:C190909EUR000000000830,41
:65:C190910EUR000000000830,41
:20:940S190907
:25:NL08RABO0341360953 EUR
:28C:19229
:60F:C190906EUR000000000830,41
:62F:C190907EUR000000000830,41
:64:C190907EUR000000000830,41
:65:C190908EUR000000000830,41
:65:C190909EUR000000000830,41
:65:C190910EUR000000000830,41
:65:C190911EUR000000000830,41
:20:940S190908
:25:NL08RABO0341360953 EUR
:28C:19230
:60F:C190907EUR000000000830,41
:62F:C190908EUR000000000830,41
:64:C190908EUR000000000830,41
:65:C190909EUR000000000830,41
:65:C190910EUR000000000830,41
:65:C190911EUR000000000830,41
:65:C190912EUR000000000830,41
:20:940S190909
:25:NL08RABO0341360953 EUR
:28C:19231
:60F:C190908EUR000000000830,41
:61:190909D000000000079,57N064MARF//16237633064
NL12COBA0733959555
:86:/MARF/1.17725112-001/EREF/501917698030/TRCD/064/ORDP//NAME/T-MOBI
LE NETHERLANDS B.V./REMI/Factuurnummer 901356142062/CSID/NL93ZZZ3
32656790051
:61:190909D000000000200,02N064MARF//16241176609
NL96ABNA0401863042
:86:/MARF/5000017003001/EREF/SLDD-0488069-5654634061/TRCD/064/ORDP//N
AME/TRAVELCARD/REMI/N00610394/CSID/NL59ZZZ390373820000
:61:190909D000000000006,66N064MARF//16241176896
NL96ABNA0401863042
:86:/MARF/5000017003001/EREF/SLDD-0485527-5654634062/TRCD/064/ORDP//N
AME/TRAVELCARD/REMI/N00610395/CSID/NL59ZZZ390373820000
:61:190909D000000000500,00N547NONREF//OO9T000216016322
NL77RABO0341369799
:86:/TRCD/547/BENM//NAME/N.Altun/ISDT/2019-09-09
:62F:C190909EUR000000000044,16
:64:C190909EUR000000000044,16
:65:C190910EUR000000000044,16
:65:C190911EUR000000000044,16
:65:C190912EUR000000000044,16
:65:C190913EUR000000000044,16
:20:940S190910
:25:NL08RABO0341360953 EUR
:28C:19232
:60F:C190909EUR000000000044,16
:61:190910D000000000018,00N002NONREF//S0Q75K135738253B
0000000000
:86:/TRCD/002/BENM//NAME/Bloem Bakkerij ALKMAAR/REMI/Betaalautomaat 1
3:57 pasnr. 012
:61:190910C000000001000,00N690NONREF//OO9T000217013105
NL81RABO1479887439
:86:/TRCD/690/ORDP//NAME/Zorgburo Altun/ISDT/2019-09-10
:61:190910D000000000052,76N544NONREF//OO9T000217018028
NL73RABO0313740488
:86:/TRCD/544/BENM//NAME/Stichting PAWW/REMI/Notanummer:100711002, 10
0711003, 100711004/ISDT/2019-09-10
:61:190910D000000000030,17N544NONREF//OO9T000217018029
NL73RABO0313740488
:86:/TRCD/544/BENM//NAME/Stichting PAWW/REMI/Notanummer: 100710999, 1
00711000/ISDT/2019-09-10
:61:190910D000000000136,13N544NONREF//OO9T000217018030
NL50ABNA0811013944
:86:/TRCD/544/BENM//NAME/Saarl Schoonmaak/REMI/Factuurnummer: 2019-08
9, Zorgburo Altun/ISDT/2019-09-10
:62F:C190910EUR000000000807,10
:64:C190910EUR000000000807,10
:65:C190911EUR000000000807,10
:65:C190912EUR000000000807,10
:65:C190913EUR000000000807,10
:65:C190914EUR000000000807,10
:20:940S190911
:25:NL08RABO0341360953 EUR
:28C:19233
:60F:C190910EUR000000000807,10
:61:190912D000000000000,01N102EREF//TIB540448167
NL40ABNA0537879099
:86:/EREF/11-09-2019 16:49 0030004387093997/TRCD/102/BENM//NAME/NS GR
OEP N.V./REMI/53298817 0030004387093997 NS Zakelijk 53298817 x095
3 pasnr.012/PURP//CD/EPAY/ISDT/2019-09-12
:61:190912D000000000110,00N025EREF//TIA540995973
NL21INGB0674773837
:86:/EREF/11-09-2019 17:35 0050004065846605/TRCD/025/BENM//NAME/Betaa
lverzoek via ING Bank/REMI/BYildirimNL47INGB0686554795 0050004065
846605 Reiskosten Zorgburo Altun x0953 pasnr.012/PURP//CD/EPAY/IS
DT/2019-09-12
:62F:C190911EUR000000000697,09
:64:C190911EUR000000000807,10
:65:C190912EUR000000000697,09
:65:C190913EUR000000000697,09
:65:C190914EUR000000000697,09
:65:C190915EUR000000000697,09
:20:940S190912
:25:NL08RABO0341360953 EUR
:28C:19234
:60F:C190911EUR000000000697,09
:61:190912D000000000056,63N064MARF//16252672177
NL32INGB0666261016
:86:/MARF/000770587000000133180/EREF/1-13290-33480361/TRCD/064/ORDP//
NAME/Zicht risico- en verzekeringsadviseurs/REMI/Pakketverzekerin
g Refnr 50145884 2019-09-12/CSID/NL03ZZZ270937870000
:61:190912C000000004223,52N541EREF//16257437289
NL10RABO0317335375
:86:/EREF/REF19/500/372 2019056/TRCD/541/ORDP//NAME/SVB Dienstverleni
ng PGB/REMI/BETALINGSKENM.: 2019056, ONZE REF.: 37887104, TOELICH
TING: Celik/ISDT/2019-09-12
:61:190912C000000004223,52N541EREF//16257437288
NL10RABO0317335375
:86:/EREF/REF19/500/371 2019052/10000/TRCD/541/ORDP//NAME/SVB Dienstv
erlening PGB/REMI/BETALINGSKENM.: 2019052/10000, ONZE REF.: 37886
024, TOELICHTING: Celik/ISDT/2019-09-12
:61:190912D000000000015,70N002NONREF//P8S2T2163245255B
0000000000
:86:/TRCD/002/BENM//NAME/McDonald's Alkmaar ALKMAAR/REMI/Betaalautoma
at 16:32 pasnr. 012
:61:190912D000000007000,00N504NONREF//OO9T000218844161
NL81RABO1479887439
:86:/TRCD/504/BENM//NAME/ZORGBURO ALTUN/ISDT/2019-09-12
:61:190912D000000000500,00N547NONREF//OO9T000218845388
NL77RABO0341369799
:86:/TRCD/547/BENM//NAME/N.Altun/ISDT/2019-09-12
:62F:C190912EUR000000001571,80
:64:C190912EUR000000001571,80
:65:C190913EUR000000001571,80
:65:C190914EUR000000001571,80
:65:C190915EUR000000001571,80
:65:C190916EUR000000001571,80
:20:940S190913
:25:NL08RABO0341360953 EUR
:28C:19235
:60F:C190912EUR000000001571,80
:62F:C190913EUR000000001571,80
:64:C190913EUR000000001571,80
:65:C190914EUR000000001571,80
:65:C190915EUR000000001571,80
:65:C190916EUR000000001571,80
:65:C190917EUR000000001571,80
:20:940S190914
:25:NL08RABO0341360953 EUR
:28C:19236
:60F:C190913EUR000000001571,80
:62F:C190914EUR000000001571,80
:64:C190914EUR000000001571,80
:65:C190915EUR000000001571,80
:65:C190916EUR000000001571,80
:65:C190917EUR000000001571,80
:65:C190918EUR000000001571,80
:20:940S190915
:25:NL08RABO0341360953 EUR
:28C:19237
:60F:C190914EUR000000001571,80
:62F:C190915EUR000000001571,80
:64:C190915EUR000000001571,80
:65:C190916EUR000000001571,80
:65:C190917EUR000000001571,80
:65:C190918EUR000000001571,80
:65:C190919EUR000000001571,80
:20:940S190916
:25:NL08RABO0341360953 EUR
:28C:19238
:60F:C190915EUR000000001571,80
:61:190916D000000000119,58N064MARF//16257081609
NL31COBA0637053788
:86:/MARF/CS1143792-0341360953-01/EREF/ARNLNL1913350230/TRCD/064/ORDP
//NAME/TELE2 NEDERLAND B.V./REMI/ARNLNL1913350230/CSID/NL12T2N333
034180000
:61:190916D000000000793,76N064MARF//16259909322
NL89INGB0651980038
:86:/MARF/SR-14396/EREF/0000100058180005815000251807RCUR/TRCD/064/ORD
P//NAME/De Hooge Waerder Alkmaar B.V./REMI/1128374/CSID/NL86ZZZ37
0709440000/ULTD//NAME/Zorgburo Altun
:61:190916D000000000013,10N002NONREF//0S7CC0153155259B
0000000000
:86:/TRCD/002/BENM//NAME/Bagels & Beans HEERHUGOWAARD/REMI/Betaalauto
maat 15:31 pasnr. 012
:61:190916D000000000353,31N102EREF//TIA512613603
NL70RABO0115600000
:86:/EREF/16-09-2019 16:10 0020002623606635/TRCD/102/BENM//NAME/DNK v
ia Mollie/REMI/M2798291M12TBSPC 0020002623606635 Factuur 30118094
 x0953 pasnr.012/PURP//CD/EPAY/ISDT/2019-09-16
:61:190916C000000001500,00N690NONREF//OO9T000221978931
NL81RABO1479887439
:86:/TRCD/690/ORDP//NAME/Zorgburo Altun/ISDT/2019-09-16
:61:190916D000000001500,00N544NONREF//OO9T000221982839
NL89INGB0651980038
:86:/TRCD/544/BENM//NAME/De Hooge Waerder/REMI/Factuurnummer 1128601,
 Termijn september, Zorgburo Altun/ISDT/2019-09-16
:62F:C190916EUR000000000292,05
:64:C190916EUR000000000292,05
:65:C190917EUR000000000292,05
:65:C190918EUR000000000292,05
:65:C190919EUR000000000292,05
:65:C190920EUR000000000292,05
:20:940S190917
:25:NL08RABO0341360953 EUR
:28C:19239
:60F:C190916EUR000000000292,05
:61:190917C000000000310,39N541EREF//16272331842
NL10RABO0317335375
:86:/EREF/REF19/505/3290 10005/2019059/TRCD/541/ORDP//NAME/SVB Dienst
verlening PGB/REMI/BETALINGSKENM.: 10005/2019059, ONZE REF.: 3789
9397, TOELICHTING: Yurtkap/ISDT/2019-09-17
:61:190917C000000000899,60N541EREF//16272333542
NL10RABO0317335375
:86:/EREF/REF19/505/3606 365157/aug-19/TRCD/541/ORDP//NAME/SVB Dienst
verlening PGB/REMI/BETALINGSKENM.: 365157/aug-19, ONZE REF.: 3790
1475, TOELICHTING: Kelesoglu/ISDT/2019-09-17
:61:190917C000000003308,13N541EREF//16272331548
NL10RABO0317335375
:86:/EREF/REF19/505/3508 10001/2019054/TRCD/541/ORDP//NAME/SVB Dienst
verlening PGB/REMI/BETALINGSKENM.: 10001/2019054, ONZE REF.: 3789
9396, TOELICHTING: Yurtkap/ISDT/2019-09-17
:61:190917C000000000449,80N541EREF//16272333543
NL10RABO0317335375
:86:/EREF/REF19/505/3607 2019055/1002/TRCD/541/ORDP//NAME/SVB Dienstv
erlening PGB/REMI/BETALINGSKENM.: 2019055/1002, ONZE REF.: 378993
98, TOELICHTING: Woude/ISDT/2019-09-17
:61:190917D000000000300,00N547NONREF//OO9T000222927913
NL77RABO0341369799
:86:/TRCD/547/BENM//NAME/N.Altun/ISDT/2019-09-17
:62F:C190917EUR000000004959,97
:64:C190917EUR000000004959,97
:65:C190918EUR000000004959,97
:65:C190919EUR000000004959,97
:65:C190920EUR000000004959,97
:65:C190921EUR000000004959,97
:20:940S190918
:25:NL08RABO0341360953 EUR
:28C:19240
:60F:C190917EUR000000004959,97
:61:190918D000000000019,24N030NONREF//WSL72S170246261B
0000000000
:86:/TRCD/030/BENM//NAME/Trekpleister 1482 BEVERWIJK/REMI/Betaalautom
aat 17:02 pasnr. 012
:62F:C190918EUR000000004940,73
:64:C190918EUR000000004940,73
:65:C190919EUR000000004940,73
:65:C190920EUR000000004940,73
:65:C190921EUR000000004940,73
:65:C190922EUR000000004940,73
:20:940S190919
:25:NL08RABO0341360953 EUR
:28C:19241
:60F:C190918EUR000000004940,73
:61:190919D000000000066,30N544NONREF//OO9T000224479683
NL46ABNA0512143242
:86:/TRCD/544/BENM//NAME/Gebremichael/REMI/Reiskosten maand september
 OV chip, Zorgburo Altun/ISDT/2019-09-19
:61:190919D000000000000,01N102EREF//TIB464615884
NL40ABNA0537879099
:86:/EREF/19-09-2019 13:52 0030004410155138/TRCD/102/BENM//NAME/NS GR
OEP N.V./REMI/53605749 0030004410155138 NS Zakelijk 53605749 x095
3 pasnr.012/PURP//CD/EPAY/ISDT/2019-09-19
:62F:C190919EUR000000004874,42
:64:C190919EUR000000004874,42
:65:C190920EUR000000004874,42
:65:C190921EUR000000004874,42
:65:C190922EUR000000004874,42
:65:C190923EUR000000004874,42
:20:940S190920
:25:NL08RABO0341360953 EUR
:28C:19242
:60F:C190919EUR000000004874,42
:61:190920D000000000013,00N064MARF//16278203596
NL20ABNA0426194241
:86:/MARF/H05883-1/EREF/1909190588351307/TRCD/064/ORDP//NAME/PZN B V/
REMI/PerSaldo Hulpgids 4033645/CSID/NL45ZZZ342178680000
:61:190920D000000000020,50N030NONREF//P303KC105959263B
0000000000
:86:/TRCD/030/BENM//NAME/Carwash 360 B.V. ALKMAAR/REMI/Betaalautomaat
 10:59 pasnr. 012
:61:190920D000000000500,00N547NONREF//OO9T000225558517
NL77RABO0341369799
:86:/TRCD/547/BENM//NAME/N.Altun/ISDT/2019-09-20
:61:190920D000000000008,90N002NONREF//CT64558214505226
0000000000
:86:/TRCD/002/BENM//NAME/CCV*Mr. Uyghur ALKMAAR/REMI/Betaalautomaat 1
4:50 pasnr. 012
:62F:C190920EUR000000004332,02
:64:C190920EUR000000004332,02
:65:C190921EUR000000004332,02
:65:C190922EUR000000004332,02
:65:C190923EUR000000004332,02
:65:C190924EUR000000004332,02
:20:940S190921
:25:NL08RABO0341360953 EUR
:28C:19243
:60F:C190920EUR000000004332,02
:62F:C190921EUR000000004332,02
:64:C190921EUR000000004332,02
:65:C190922EUR000000004332,02
:65:C190923EUR000000004332,02
:65:C190924EUR000000004332,02
:65:C190925EUR000000004332,02
:20:940S190922
:25:NL08RABO0341360953 EUR
:28C:19244
:60F:C190921EUR000000004332,02
:62F:C190922EUR000000004332,02
:64:C190922EUR000000004332,02
:65:C190923EUR000000004332,02
:65:C190924EUR000000004332,02
:65:C190925EUR000000004332,02
:65:C190926EUR000000004332,02
:20:940S190923
:25:NL08RABO0341360953 EUR
:28C:19245
:60F:C190922EUR000000004332,02
:61:190923D000000000016,50N002NONREF//S0Q75K132531266B
0000000000
:86:/TRCD/002/BENM//NAME/Bloem Bakkerij ALKMAAR/REMI/Betaalautomaat 1
3:25 pasnr. 012
:62F:C190923EUR000000004315,52
:64:C190923EUR000000004315,52
:65:C190924EUR000000004315,52
:65:C190925EUR000000004315,52
:65:C190926EUR000000004315,52
:65:C190927EUR000000004315,52
:20:940S190924
:25:NL08RABO0341360953 EUR
:28C:19246
:60F:C190923EUR000000004315,52
:61:190924D000000000408,74N544NONREF//OO9T000228924892
NL22ABNA0602325544
:86:/TRCD/544/BENM//NAME/Domavest BV/REMI/Deb. nummer: 61000, factuur
nummer: 21930250, Zorgburo Altun, ruimte 2.01/ISDT/2019-09-24
:61:190924D000000000446,26N544NONREF//OO9T000228924893
NL22ABNA0602325544
:86:/TRCD/544/BENM//NAME/Domavest BV/REMI/Fact nummer: 21930251, Deb 
nummer: 61001, Ruimte 2.03 Zorgburo Altun/ISDT/2019-09-24
:61:190924D000000002253,00N544NONREF//OO9T000228968787
NL86INGB0002445588
:86:/TRCD/544/BENM//NAME/belastingdienst Apeldoorn/REMI//CDTRREFTP//C
D/SCOR/ISSR/CUR/CDTRREF/4167791396901080/ISDT/2019-09-24
:61:190924C000000000449,80N541EREF//17579277488
NL10RABO0317335375
:86:/EREF/REF19/523/9958 387603/sep-19/TRCD/541/ORDP//NAME/SVB Dienst
verlening PGB/REMI/BETALINGSKENM.: 387603/sep-19, ONZE REF.: 3794
8109, TOELICHTING: Birben/ISDT/2019-09-24
:61:190924C000000000449,80N541EREF//17579278273
NL10RABO0317335375
:86:/EREF/REF19/523/12779 401945/sep-19/TRCD/541/ORDP//NAME/SVB Diens
tverlening PGB/REMI/BETALINGSKENM.: 401945/sep-19, ONZE REF.: 379
52731, TOELICHTING: Buijs/ISDT/2019-09-24
:61:190924C000000000254,15N541EREF//17579277848
NL10RABO0317335375
:86:/EREF/REF19/523/3038 348201/sep-19/TRCD/541/ORDP//NAME/SVB Dienst
verlening PGB/REMI/BETALINGSKENM.: 348201/sep-19, ONZE REF.: 3793
9030, TOELICHTING: Yurtkap/ISDT/2019-09-24
:61:190924C000000000899,60N541EREF//17579277315
NL10RABO0317335375
:86:/EREF/REF19/523/5790 365157/sep-19/TRCD/541/ORDP//NAME/SVB Dienst
verlening PGB/REMI/BETALINGSKENM.: 365157/sep-19, ONZE REF.: 3794
0226, TOELICHTING: Kelesoglu/ISDT/2019-09-24
:61:190924C000000000224,90N541EREF//17579138305
NL10RABO0317335375
:86:/EREF/REF19/523/10380 389853/sep-19/TRCD/541/ORDP//NAME/SVB Diens
tverlening PGB/REMI/BETALINGSKENM.: 389853/sep-19, ONZE REF.: 379
49573, TOELICHTING: Bayram/ISDT/2019-09-24
:61:190924C000000000531,70N541EREF//17579138458
NL10RABO0317335375
:86:/EREF/REF19/523/12201 398872/sep-19/TRCD/541/ORDP//NAME/SVB Diens
tverlening PGB/REMI/BETALINGSKENM.: 398872/sep-19, ONZE REF.: 379
52775, TOELICHTING: Sbaa/ISDT/2019-09-24
:61:190924C000000000974,56N541EREF//17579136460
NL10RABO0317335375
:86:/EREF/REF19/523/10254 389113/sep-19/TRCD/541/ORDP//NAME/SVB Diens
tverlening PGB/REMI/BETALINGSKENM.: 389113/sep-19, ONZE REF.: 379
47400, TOELICHTING: Taha Rafik Mohamad/ISDT/2019-09-24
:61:190924C000000000198,83N541EREF//17579139322
NL10RABO0317335375
:86:/EREF/REF19/523/11344 394925/sep-19/TRCD/541/ORDP//NAME/SVB Diens
tverlening PGB/REMI/BETALINGSKENM.: 394925/sep-19, ONZE REF.: 379
49215, TOELICHTING: Heistek/ISDT/2019-09-24
:61:190924C000000000620,53N541EREF//17579291251
NL10RABO0317335375
:86:/EREF/REF19/521/6541 182608/sep-19/TRCD/541/ORDP//NAME/SVB Dienst
verlening PGB/REMI/BETALINGSKENM.: 182608/sep-19, ONZE REF.: 3793
5870, TOELICHTING: Gulten/ISDT/2019-09-24
:61:190924D000000000025,20N002NONREF//CT64558215555126
0000000000
:86:/TRCD/002/BENM//NAME/CCV*Mr. Uyghur ALKMAAR/REMI/Betaalautomaat 1
5:55 pasnr. 012
:62F:C190924EUR000000005786,19
:64:C190924EUR000000005786,19
:65:C190925EUR000000005786,19
:65:C190926EUR000000005786,19
:65:C190927EUR000000005786,19
:65:C190928EUR000000005786,19
:20:940S190925
:25:NL08RABO0341360953 EUR
:28C:19247
:60F:C190924EUR000000005786,19
:62F:C190925EUR000000005786,19
:64:C190925EUR000000005786,19
:65:C190926EUR000000005786,19
:65:C190927EUR000000005786,19
:65:C190928EUR000000005786,19
:65:C190929EUR000000005786,19
:20:940S190926
:25:NL08RABO0341360953 EUR
:28C:19248
:60F:C190925EUR000000005786,19
:61:190926D000000000003,00N065MARF//17583607499
NL44RABO0157182622
:86:/MARF/29877/EREF/6000000000404328/TRCD/065/ORDP//NAME/Stichting D
e Opkikker/REMI/Hartelijk dank voor uw donatie, RELATIE/FACTUUR:8
0631/699813/CSID/NL44ZZZ412471690000
:62F:C190926EUR000000005783,19
:64:C190926EUR000000005783,19
:65:C190927EUR000000005783,19
:65:C190928EUR000000005783,19
:65:C190929EUR000000005783,19
:65:C190930EUR000000005783,19
:20:940S190927
:25:NL08RABO0341360953 EUR
:28C:19249
:60F:C190926EUR000000005783,19
:61:190927D000000000034,50N030NONREF//BT9W99152836270B
0000000000
:86:/TRCD/030/BENM//NAME/Serifoglu AMSTERDAM/REMI/Betaalautomaat 15:2
8 pasnr. 012
:62F:C190927EUR000000005748,69
:64:C190927EUR000000005748,69
:65:C190928EUR000000005748,69
:65:C190929EUR000000005748,69
:65:C190930EUR000000005748,69
:65:C191001EUR000000005748,69
:20:940S190928
:25:NL08RABO0341360953 EUR
:28C:19250
:60F:C190927EUR000000005748,69
:62F:C190928EUR000000005748,69
:64:C190928EUR000000005748,69
:65:C190929EUR000000005748,69
:65:C190930EUR000000005748,69
:65:C191001EUR000000005748,69
:65:C191002EUR000000005748,69
:20:940S190929
:25:NL08RABO0341360953 EUR
:28C:19251
:60F:C190928EUR000000005748,69
:62F:C190929EUR000000005748,69
:64:C190929EUR000000005748,69
:65:C190930EUR000000005748,69
:65:C191001EUR000000005748,69
:65:C191002EUR000000005748,69
:65:C191003EUR000000005748,69
:20:940S190930
:25:NL08RABO0341360953 EUR
:28C:19252
:60F:C190929EUR000000005748,69
:61:190930C000000001500,00N690NONREF//OO9T000235206252
NL81RABO1479887439
:86:/TRCD/690/ORDP//NAME/Zorgburo Altun/ISDT/2019-09-30
:61:190930D000000000240,62N544NONREF//OO9T000235221566
NL47INGB0686554795
:86:/TRCD/544/BENM//NAME/B.Yildirim/REMI/Loon september 2019/ISDT/201
9-09-30
:61:190930D000000000156,27N544NONREF//OO9T000235221567
NL74INGB0662594533
:86:/TRCD/544/BENM//NAME/H.Kraiczek/REMI/Loon september 2019/ISDT/201
9-09-30
:61:190930D000000000560,28N544NONREF//OO9T000235221568
NL27INGB0756969395
:86:/TRCD/544/BENM//NAME/I.Jerjis/REMI/Op-Premie 2019 en loon septemb
er 2019/ISDT/2019-09-30
:61:190930D000000000530,02N544NONREF//OO9T000235221569
NL46ABNA0512143242
:86:/TRCD/544/BENM//NAME/L.G. Gebremichael/REMI/Op premie 2019 en Loo
n september 2019/ISDT/2019-09-30
:61:190930D000000000391,32N544NONREF//OO9T000235221570
NL63ABNA0825450802
:86:/TRCD/544/BENM//NAME/L.Ayyoub/REMI/Op Premie 2019 en Loon septemb
er 2019/ISDT/2019-09-30
:61:190930D000000004560,13N544NONREF//OO9T000235221571
NL30RABO0123998204
:86:/TRCD/544/BENM//NAME/I.Alabas/REMI/Op Premie 2019 en Loon septemb
er 2019/ISDT/2019-09-30
:61:190930D000000000258,06N544NONREF//O9287483712
NL63TRIO0786922559
:86:/TRCD/544/BENM//NAME/M.Lips/REMI/OP Premie 2019 en loon september
 2019/ISDT/2019-09-30
:62F:C190930EUR000000000551,99
:64:C190930EUR000000000551,99
:65:C191001EUR000000000551,99
:65:C191002EUR000000000551,99
:65:C191003EUR000000000551,99
:65:C191004EUR000000000551,99
:20:940S191001
:25:NL08RABO0341360953 EUR
:28C:19253
:60F:C190930EUR000000000551,99
:61:191001D000000000069,87N064MARF//17774676719
NL13ABNA0243185340
:86:/MARF/NL-0001436196-20190516/EREF/RCUR-2019-248-124552-19717311/T
RCD/064/ORDP//NAME/BEH MOBILITEITSGELDEN/REMI/YELLOWBRICK REF K13
 3519-0FNL-1971-7311/CSID/NL19ZZZ342502210000
:61:191001D000000000096,97N064MARF//17768418902
NL32INGB0666261016
:86:/MARF/000770587000000133180/EREF/1-13392-33935037/TRCD/064/ORDP//
NAME/Zicht risico- en verzekeringsadviseurs/REMI/Zicht Ondernemer
sPakket Refnr P526500770587001 2019-10-01/CSID/NL03ZZZ27093787000
0
:61:191001D000000000200,00N547NONREF//OO9T000236785223
NL77RABO0341369799
:86:/TRCD/547/BENM//NAME/N.Altun/ISDT/2019-10-01
:62F:C191001EUR000000000185,15
:64:C191001EUR000000000185,15
:65:C191002EUR000000000185,15
:65:C191003EUR000000000185,15
:65:C191004EUR000000000185,15
:65:C191005EUR000000000185,15
:20:940S191002
:25:NL08RABO0341360953 EUR
:28C:19254
:60F:C191001EUR000000000185,15
:61:191002D000000000048,63N064MARF//17779282251
NL91INGB0000274250
:86:/MARF/M10019042611/EREF/000002028171020/TRCD/064/ORDP//NAME/Telfo
rt Thuis/REMI/Factuur 26-09-2019, klantnummer 1001769758, Vragen?
 Zie telfort.nl/factuur./CSID/NL82TFT271247010003
:61:191002D000000000007,50N002NONREF//H549VD143037275B
0000000000
:86:/TRCD/002/BENM//NAME/McDonald's Alkmaar ALKMAAR/REMI/Betaalautoma
at 14:30 pasnr. 012
:61:191002C000000001500,00N690NONREF//OO9T000237758840
NL81RABO1479887439
:86:/TRCD/690/ORDP//NAME/Zorgburo Altun/ISDT/2019-10-02
:61:191002D000000000265,00N544NONREF//OO9T000237761643
NL86INGB0002445588
:86:/TRCD/544/BENM//NAME/Belastingdienst Apeldoorn/REMI//CDTRREFTP//C
D/SCOR/ISSR/CUR/CDTRREF/6167791390901070/ISDT/2019-10-02
:62F:C191002EUR000000001364,02
:64:C191002EUR000000001364,02
:65:C191003EUR000000001364,02
:65:C191004EUR000000001364,02
:65:C191005EUR000000001364,02
:65:C191006EUR000000001364,02
:20:940S191003
:25:NL08RABO0341360953 EUR
:28C:19255
:60F:C191002EUR000000001364,02
:61:191001D000000000073,35N093NONREF//00003HI03-10
0000000000
:86:/TRCD/093/BENM//NAME/Kosten/REMI/Periode 01-07-2019 t/m 30-09-201
9/ISDT/2019-10-03
:61:191003D000000000500,00N544NONREF//OO9T000238753554
NL77RABO0341369799
:86:/TRCD/544/BENM//NAME/N.Altun/REMI/Prive betalingen/ISDT/2019-10-0
3
:61:191003D000000000015,70N002NONREF//P2N1D1160033276B
0000000000
:86:/TRCD/002/BENM//NAME/McDonald's Alkmaar ALKMAAR/REMI/Betaalautoma
at 16:00 pasnr. 012
:62F:C191003EUR000000000774,97
:64:C191003EUR000000000774,97
:65:C191004EUR000000000774,97
:65:C191005EUR000000000774,97
:65:C191006EUR000000000774,97
:65:C191007EUR000000000774,97
:20:940S191004
:25:NL08RABO0341360953 EUR
:28C:19256
:60F:C191003EUR000000000774,97
:61:191004D000000000242,00N065MARF//17788646650
NL20RABO0315674652
:86:/MARF/ALTUN01/EREF/ALTUN01-2193332/ALTUN01-2193333/TRCD/065/ORDP/
/NAME/Vitrina B.V./REMI/automatische incasso/NWZ ALKMAAR.2180229.
0111M.181220/SPAARNE GASTHUIS.2180230.0111M.181220/CSID/NL70ZZZ34
0987020000
:61:191004C000000003308,13N541EREF//17796552836
NL10RABO0317335375
:86:/EREF/REF19/554/4396 2019060/TRCD/541/ORDP//NAME/SVB Dienstverlen
ing PGB/REMI/BETALINGSKENM.: 2019060, ONZE REF.: 37990538, TOELIC
HTING: Yurtkap/ISDT/2019-10-04
:61:191004C000000000449,80N541EREF//17796369097
NL10RABO0317335375
:86:/EREF/REF19/554/4467 2019061/TRCD/541/ORDP//NAME/SVB Dienstverlen
ing PGB/REMI/BETALINGSKENM.: 2019061, ONZE REF.: 37990539, TOELIC
HTING: Woude/ISDT/2019-10-04
:61:191004C000000000310,39N541EREF//17796368137
NL10RABO0317335375
:86:/EREF/REF19/554/4182 2019064/10005/TRCD/541/ORDP//NAME/SVB Dienst
verlening PGB/REMI/BETALINGSKENM.: 2019064/10005, ONZE REF.: 3799
0536, TOELICHTING: Yurtkap/ISDT/2019-10-04
:62F:C191004EUR000000004601,29
:64:C191004EUR000000004601,29
:65:C191005EUR000000004601,29
:65:C191006EUR000000004601,29
:65:C191007EUR000000004601,29
:65:C191008EUR000000004601,29
:20:940S191005
:25:NL08RABO0341360953 EUR
:28C:19257
:60F:C191004EUR000000004601,29
:62F:C191005EUR000000004601,29
:64:C191005EUR000000004601,29
:65:C191006EUR000000004601,29
:65:C191007EUR000000004601,29
:65:C191008EUR000000004601,29
:65:C191009EUR000000004601,29
:20:940S191006
:25:NL08RABO0341360953 EUR
:28C:19258
:60F:C191005EUR000000004601,29
:61:191006D000000000068,93N030NONREF//52H9XW195938279B
0000000000
:86:/TRCD/030/BENM//NAME/Albert Heijn 1385 ALKMAAR/REMI/Betaalautomaa
t 19:59 pasnr. 012
:61:191006D000000000005,99N002NONREF//52M9KG200549279B
0000000000
:86:/TRCD/002/BENM//NAME/Albert Heijn 1385 ALKMAAR/REMI/Betaalautomaa
t 20:05 pasnr. 012
:62F:C191006EUR000000004526,37
:64:C191006EUR000000004526,37
:65:C191007EUR000000004526,37
:65:C191008EUR000000004526,37
:65:C191009EUR000000004526,37
:65:C191010EUR000000004526,37
:20:940S191007
:25:NL08RABO0341360953 EUR
:28C:19259
:60F:C191006EUR000000004526,37
:61:191007D000000000006,66N064MARF//17795496984
NL96ABNA0401863042
:86:/MARF/5000017003001/EREF/SLDD-0545163-5655534939/TRCD/064/ORDP//N
AME/TRAVELCARD/REMI/N00662201/CSID/NL59ZZZ390373820000
:61:191007D000000000179,08N064MARF//17795505617
NL96ABNA0401863042
:86:/MARF/5000017003001/EREF/SLDD-0545162-5655534938/TRCD/064/ORDP//N
AME/TRAVELCARD/REMI/N00662200/CSID/NL59ZZZ390373820000
:61:191007D000000000049,99N002NONREF//H8H64W090721280B
0000000000
:86:/TRCD/002/BENM//NAME/Multivlaai Heerhugowa. HEERHUGOWAARD/REMI/Be
taalautomaat 09:07 pasnr. 012
:61:191007D000000002500,00N547NONREF//OO9T000241694818
NL77RABO0341369799
:86:/TRCD/547/BENM//NAME/N.Altun/ISDT/2019-10-07
:61:191007C000000004223,52N541EREF//18291428054
NL10RABO0317335375
:86:/EREF/REF19/558/668 2019062/TRCD/541/ORDP//NAME/SVB Dienstverleni
ng PGB/REMI/BETALINGSKENM.: 2019062, ONZE REF.: 37999133, TOELICH
TING: Celik/ISDT/2019-10-07
:62F:C191007EUR000000006014,16
:64:C191007EUR000000006014,16
:65:C191008EUR000000006014,16
:65:C191009EUR000000006014,16
:65:C191010EUR000000006014,16
:65:C191011EUR000000006014,16
:20:940S191008
:25:NL08RABO0341360953 EUR
:28C:19260
:60F:C191007EUR000000006014,16
:61:191008D000000000051,98N064MARF//17796266263
NL12COBA0733959555
:86:/MARF/1.17725112-001/EREF/501016570857/TRCD/064/ORDP//NAME/T-MOBI
LE NETHERLANDS B.V./REMI/Factuurnummer 901358461761/CSID/NL93ZZZ3
32656790051
:62F:C191008EUR000000005962,18
:64:C191008EUR000000005962,18
:65:C191009EUR000000005962,18
:65:C191010EUR000000005962,18
:65:C191011EUR000000005962,18
:65:C191012EUR000000005962,18
:20:940S191009
:25:NL08RABO0341360953 EUR
:28C:19261
:60F:C191008EUR000000005962,18
:61:191009D000000000037,95N064MARF//18293795771
NL13ABNA0243185340
:86:/MARF/NL-0001436196-20190516/EREF/RCUR-2019-281-022407-19999139/T
RCD/064/ORDP//NAME/BEH MOBILITEITSGELDEN/REMI/YELLOWBRICK REF K13
 3519-0FNL-1999-9139/CSID/NL19ZZZ342502210000
:61:191009D000000000062,00N030NONREF//BT9W99175619282B
0000000000
:86:/TRCD/030/BENM//NAME/Serifoglu AMSTERDAM/REMI/Betaalautomaat 17:5
6 pasnr. 012
:62F:C191009EUR000000005862,23
:64:C191009EUR000000005862,23
:65:C191010EUR000000005862,23
:65:C191011EUR000000005862,23
:65:C191012EUR000000005862,23
:65:C191013EUR000000005862,23
:20:940S191010
:25:NL08RABO0341360953 EUR
:28C:19262
:60F:C191009EUR000000005862,23
:61:191010D000000000110,00N002NONREF//CT08327121293528
0000000000
:86:/TRCD/002/BENM//NAME/CCV*RESTAURANT HANIMEL AMSTERDAM/REMI/Betaal
automaat 21:29 pasnr. 012
:62F:C191010EUR000000005752,23
:64:C191010EUR000000005752,23
:65:C191011EUR000000005752,23
:65:C191012EUR000000005752,23
:65:C191013EUR000000005752,23
:65:C191014EUR000000005752,23
:20:940S191011
:25:NL08RABO0341360953 EUR
:28C:19263
:60F:C191010EUR000000005752,23
:62F:C191011EUR000000005752,23
:64:C191011EUR000000005752,23
:65:C191012EUR000000005752,23
:65:C191013EUR000000005752,23
:65:C191014EUR000000005752,23
:65:C191015EUR000000005752,23
:20:940S191012
:25:NL08RABO0341360953 EUR
:28C:19264
:60F:C191011EUR000000005752,23
:62F:C191012EUR000000005752,23
:64:C191012EUR000000005752,23
:65:C191013EUR000000005752,23
:65:C191014EUR000000005752,23
:65:C191015EUR000000005752,23
:65:C191016EUR000000005752,23
:20:940S191013
:25:NL08RABO0341360953 EUR
:28C:19265
:60F:C191012EUR000000005752,23
:61:191013D000000000005,99N002NONREF//20DK6G193109286B
0000000000
:86:/TRCD/002/BENM//NAME/Albert Heijn 1269 HEERHUGOWAARD/REMI/Betaala
utomaat 19:31 pasnr. 012
:62F:C191013EUR000000005746,24
:64:C191013EUR000000005746,24
:65:C191014EUR000000005746,24
:65:C191015EUR000000005746,24
:65:C191016EUR000000005746,24
:65:C191017EUR000000005746,24
:20:940S191014
:25:NL08RABO0341360953 EUR
:28C:19266
:60F:C191013EUR000000005746,24
:61:191014D000000000013,50N002NONREF//S0Q75K144529287B
0000000000
:86:/TRCD/002/BENM//NAME/Bloem Bakkerij ALKMAAR/REMI/Betaalautomaat 1
4:45 pasnr. 012
:61:191014D000000000003,00N002NONREF//S0Q75K144828287B
0000000000
:86:/TRCD/002/BENM//NAME/Bloem Bakkerij ALKMAAR/REMI/Betaalautomaat 1
4:48 pasnr. 012
:62F:C191014EUR000000005729,74
:64:C191014EUR000000005729,74
:65:C191015EUR000000005729,74
:65:C191016EUR000000005729,74
:65:C191017EUR000000005729,74
:65:C191018EUR000000005729,74
:20:940S191015
:25:NL08RABO0341360953 EUR
:28C:19267
:60F:C191014EUR000000005729,74
:61:191015D000000000743,76N064MARF//18415305652
NL89INGB0651980038
:86:/MARF/SR-14396/EREF/0000100058620005859000252936RCUR/TRCD/064/ORD
P//NAME/De Hooge Waerder Alkmaar B.V./REMI/1129516/CSID/NL86ZZZ37
0709440000/ULTD//NAME/Zorgburo Altun
:61:191015D000000000108,58N064MARF//18418192531
NL31COBA0637053788
:86:/MARF/CS1143792-0341360953-01/EREF/ARNLNL1914969788/TRCD/064/ORDP
//NAME/TELE2 NEDERLAND B.V./REMI/ARNLNL1914969788/CSID/NL12T2N333
034180000
:61:191015D000000000632,72N102EREF//TIA501935961
NL70RABO0115600000
:86:/EREF/15-10-2019 14:15 0020002679624053/TRCD/102/BENM//NAME/AUTOB
EDRIJF ALEWIJN OTT via Mollie/REMI/M3227944M12XE87B 0020002679624
053 19000791 alewijnott.nl x0953 pasnr.012/PURP//CD/EPAY/ISDT/201
9-10-15
:61:191015D000000000048,81N544NONREF//OO9T000248547449
NL73RABO0313740488
:86:/TRCD/544/BENM//NAME/Stichting PAWW/REMI/Notanummer: 100711005, Z
orgburo Altun/ISDT/2019-10-15
:61:191015D000000000108,90N544NONREF//OO9T000248547451
NL50ABNA0811013944
:86:/TRCD/544/BENM//NAME/Saarl Superschoon/REMI/Factuurnummer: 2019-1
03, Zorgburo Altun, September/ISDT/2019-10-15
:61:191015D000000000020,00N002NONREF//7N90ZL143140288B
0000000000
:86:/TRCD/002/BENM//NAME/TEXACO BMEER ALKMAAR ALKMAAR/REMI/Betaalauto
maat 14:31 pasnr. 012
:61:191015D000000000014,71N030NONREF//1SB301163122288B
0000000000
:86:/TRCD/030/BENM//NAME/Boeken Voordeel ALKMAAR/REMI/Betaalautomaat 
16:31 pasnr. 012
:62F:C191015EUR000000004052,26
:64:C191015EUR000000004052,26
:65:C191016EUR000000004052,26
:65:C191017EUR000000004052,26
:65:C191018EUR000000004052,26
:65:C191019EUR000000004052,26
:20:940S191016
:25:NL08RABO0341360953 EUR
:28C:19268
:60F:C191015EUR000000004052,26
:61:191016D000000000322,00N544NONREF//OO9T000249321595
NL86INGB0002445588
:86:/TRCD/544/BENM//NAME/Belastingdienst te Apeldoorn/REMI//CDTRREFTP
//CD/SCOR/ISSR/CUR/CDTRREF/2167791397890011/ISDT/2019-10-16
:61:191016D000000000024,75N002NONREF//P8S2T2122648289B
0000000000
:86:/TRCD/002/BENM//NAME/McDonald's Alkmaar ALKMAAR/REMI/Betaalautoma
at 12:26 pasnr. 012
:62F:C191016EUR000000003705,51
:64:C191016EUR000000003705,51
:65:C191017EUR000000003705,51
:65:C191018EUR000000003705,51
:65:C191019EUR000000003705,51
:65:C191020EUR000000003705,51
:20:940S191017
:25:NL08RABO0341360953 EUR
:28C:19269
:60F:C191016EUR000000003705,51
:61:191017D000000000027,50N030NONREF//EP01579217571429
0000000000
:86:/TRCD/030/BENM//NAME/BEYZADE Pideci & Kebab Haarlem/REMI/Betaalau
tomaat 17:57 pasnr. 012
:62F:C191017EUR000000003678,01
:64:C191017EUR000000003678,01
:65:C191018EUR000000003678,01
:65:C191019EUR000000003678,01
:65:C191020EUR000000003678,01
:65:C191021EUR000000003678,01
:20:940S191018
:25:NL08RABO0341360953 EUR
:28C:19270
:60F:C191017EUR000000003678,01
:62F:C191018EUR000000003678,01
:64:C191018EUR000000003678,01
:65:C191019EUR000000003678,01
:65:C191020EUR000000003678,01
:65:C191021EUR000000003678,01
:65:C191022EUR000000003678,01
:20:940S191019
:25:NL08RABO0341360953 EUR
:28C:19271
:60F:C191018EUR000000003678,01
:61:191019D000000000500,00N547NONREF//OO9T000252194405
NL77RABO0341369799
:86:/TRCD/547/BENM//NAME/N.Altun/ISDT/2019-10-19
:62F:C191019EUR000000003178,01
:64:C191019EUR000000003178,01
:65:C191020EUR000000003178,01
:65:C191021EUR000000003178,01
:65:C191022EUR000000003178,01
:65:C191023EUR000000003178,01
:20:940S191020
:25:NL08RABO0341360953 EUR
:28C:19272
:60F:C191019EUR000000003178,01
:62F:C191020EUR000000003178,01
:64:C191020EUR000000003178,01
:65:C191021EUR000000003178,01
:65:C191022EUR000000003178,01
:65:C191023EUR000000003178,01
:65:C191024EUR000000003178,01
:20:940S191021
:25:NL08RABO0341360953 EUR
:28C:19273
:60F:C191020EUR000000003178,01
:61:191021D000000000013,00N064MARF//18448316409
NL20ABNA0426194241
:86:/MARF/H05883-1/EREF/1910210588355306/TRCD/064/ORDP//NAME/PZN B V/
REMI/PerSaldo Hulpgids 4033842/CSID/NL45ZZZ342178680000
:61:191021D000000001000,00N547NONREF//OO9T000253602929
NL77RABO0341369799
:86:/TRCD/547/BENM//NAME/N.Altun/ISDT/2019-10-21
:62F:C191021EUR000000002165,01
:64:C191021EUR000000002165,01
:65:C191022EUR000000002165,01
:65:C191023EUR000000002165,01
:65:C191024EUR000000002165,01
:65:C191025EUR000000002165,01
:20:940S191022
:25:NL08RABO0341360953 EUR
:28C:19274
:60F:C191021EUR000000002165,01
:61:191022C000000000079,29N541EREF//18649838969
NL40INGB0652308392
:86:/EREF/ONVW-327-22102019-4994-BO342533/TRCD/541/ORDP//NAME/B Yurtk
ap/REMI/Kosten aanschaf schoonmaakmiddelen/ISDT/2019-10-22
:62F:C191022EUR000000002244,30
:64:C191022EUR000000002244,30
:65:C191023EUR000000002244,30
:65:C191024EUR000000002244,30
:65:C191025EUR000000002244,30
:65:C191026EUR000000002244,30
:20:940S191023
:25:NL08RABO0341360953 EUR
:28C:19275
:60F:C191022EUR000000002244,30
:61:191023D000000000065,00N544NONREF//OO9T000255416646
NL46ABNA0512143242
:86:/TRCD/544/BENM//NAME/L. Gabremichael/REMI/Reiskosten OV maand okt
ober november/ISDT/2019-10-23
:61:191023D000000000408,74N544NONREF//OO9T000255416647
NL22ABNA0602325544
:86:/TRCD/544/BENM//NAME/Domavest B.V./REMI/Factuurnummer 21930278, Z
orgburo Altun, kantoor 2.01 november 2019/ISDT/2019-10-23
:61:191023D000000000446,26N544NONREF//OO9T000255416648
NL22ABNA0602325544
:86:/TRCD/544/BENM//NAME/Domavest B.V./REMI/Factuurnummer 21930279, Z
orgburo Altun, Huur november 2019 kamer 2.03/ISDT/2019-10-23
:61:191023C000000001000,00N690NONREF//OO9T000255417713
NL81RABO1479887439
:86:/TRCD/690/ORDP//NAME/Zorgburo Altun/ISDT/2019-10-23
:61:191023D000000001500,00N544NONREF//OO9T000255421283
NL89INGB0651980038
:86:/TRCD/544/BENM//NAME/De Hooge Waerder/REMI/Factuurnummer 1128601,
 Termijn oktober, Zorgburo Altun/ISDT/2019-10-23
:61:191023D000000000007,95N002NONREF//H2VP1V153959296B
0000000000
:86:/TRCD/002/BENM//NAME/McDonald's Alkmaar ALKMAAR/REMI/Betaalautoma
at 15:39 pasnr. 012
:62F:C191023EUR000000000816,35
:64:C191023EUR000000000816,35
:65:C191024EUR000000000816,35
:65:C191025EUR000000000816,35
:65:C191026EUR000000000816,35
:65:C191027EUR000000000816,35
:20:940S191024
:25:NL08RABO0341360953 EUR
:28C:19276
:60F:C191023EUR000000000816,35
:61:191024D000000000009,00N002NONREF//CT46595214220129
0000000000
:86:/TRCD/002/BENM//NAME/CCV*CAFE T FUST BV ROTTERDAM/REMI/Betaalauto
maat 14:22 pasnr. 012
:62F:C191024EUR000000000807,35
:64:C191024EUR000000000807,35
:65:C191025EUR000000000807,35
:65:C191026EUR000000000807,35
:65:C191027EUR000000000807,35
:65:C191028EUR000000000807,35
:20:940S191025
:25:NL08RABO0341360953 EUR
:28C:19277
:60F:C191024EUR000000000807,35
:61:191025C000000000531,70N541EREF//18684295067
NL10RABO0317335375
:86:/EREF/REF19/605/11760 398872/okt-19/TRCD/541/ORDP//NAME/SVB Diens
tverlening PGB/REMI/BETALINGSKENM.: 398872/okt-19, ONZE REF.: 380
96669, TOELICHTING: Sbaa/ISDT/2019-10-25
:61:191025C000000000974,56N541EREF//18684206826
NL10RABO0317335375
:86:/EREF/REF19/603/6543 182608/okt-19/TRCD/541/ORDP//NAME/SVB Dienst
verlening PGB/REMI/BETALINGSKENM.: 182608/okt-19, ONZE REF.: 3808
0249, TOELICHTING: Gulten/ISDT/2019-10-25
:61:191025C000000000974,56N541EREF//18684294839
NL10RABO0317335375
:86:/EREF/REF19/605/9894 389113/okt-19/TRCD/541/ORDP//NAME/SVB Dienst
verlening PGB/REMI/BETALINGSKENM.: 389113/okt-19, ONZE REF.: 3809
1454, TOELICHTING: Taha Rafik Mohamad/ISDT/2019-10-25
:61:191025C000000000224,90N541EREF//18684279659
NL10RABO0317335375
:86:/EREF/REF19/605/10016 389853/okt-19/TRCD/541/ORDP//NAME/SVB Diens
tverlening PGB/REMI/BETALINGSKENM.: 389853/okt-19, ONZE REF.: 380
93569, TOELICHTING: Bayram/ISDT/2019-10-25
:61:191025C000000000449,80N541EREF//18684279190
NL10RABO0317335375
:86:/EREF/REF19/605/12344 401945/okt-19/TRCD/541/ORDP//NAME/SVB Diens
tverlening PGB/REMI/BETALINGSKENM.: 401945/okt-19, ONZE REF.: 380
96625, TOELICHTING: Buijs/ISDT/2019-10-25
:61:191025C000000000254,15N541EREF//18684275837
NL10RABO0317335375
:86:/EREF/REF19/605/2976 348201/okt-19/TRCD/541/ORDP//NAME/SVB Dienst
verlening PGB/REMI/BETALINGSKENM.: 348201/okt-19, ONZE REF.: 3808
3335, TOELICHTING: Yurtkap/ISDT/2019-10-25
:61:191025C000000000899,60N541EREF//18684267401
NL10RABO0317335375
:86:/EREF/REF19/605/5569 365157/okt-19/TRCD/541/ORDP//NAME/SVB Dienst
verlening PGB/REMI/BETALINGSKENM.: 365157/okt-19, ONZE REF.: 3808
4480, TOELICHTING: Kelesoglu/ISDT/2019-10-25
:61:191025D000000001000,00N547NONREF//OO9T000258243571
NL77RABO0341369799
:86:/TRCD/547/BENM//NAME/N.Altun/ISDT/2019-10-25
:62F:C191025EUR000000004116,62
:64:C191025EUR000000004116,62
:65:C191026EUR000000004116,62
:65:C191027EUR000000004116,62
:65:C191028EUR000000004116,62
:65:C191029EUR000000004116,62
:20:940S191026
:25:NL08RABO0341360953 EUR
:28C:19278
:60F:C191025EUR000000004116,62
:62F:C191026EUR000000004116,62
:64:C191026EUR000000004116,62
:65:C191027EUR000000004116,62
:65:C191028EUR000000004116,62
:65:C191029EUR000000004116,62
:65:C191030EUR000000004116,62
:20:940S191027
:25:NL08RABO0341360953 EUR
:28C:19279
:60F:C191026EUR000000004116,62
:61:191027D000000001000,00N547NONREF//OO9T000259992689
NL77RABO0341369799
:86:/TRCD/547/BENM//NAME/N.Altun/ISDT/2019-10-27
:62F:C191027EUR000000003116,62
:64:C191027EUR000000003116,62
:65:C191028EUR000000003116,62
:65:C191029EUR000000003116,62
:65:C191030EUR000000003116,62
:65:C191031EUR000000003116,62
:20:940S191028
:25:NL08RABO0341360953 EUR
:28C:19280
:60F:C191027EUR000000003116,62
:61:191028D000000000003,00N065MARF//18676852765
NL44RABO0157182622
:86:/MARF/29877/EREF/7000000000411880/TRCD/065/ORDP//NAME/Stichting D
e Opkikker/REMI/Hartelijk dank voor uw donatie, RELATIE/FACTUUR:8
0631/711196/CSID/NL44ZZZ412471690000
:62F:C191028EUR000000003113,62
:64:C191028EUR000000003113,62
:65:C191029EUR000000003113,62
:65:C191030EUR000000003113,62
:65:C191031EUR000000003113,62
:65:C191101EUR000000003113,62
:20:940S191029
:25:NL08RABO0341360953 EUR
:28C:19281
:60F:C191028EUR000000003113,62
:61:191029C000000005000,00N690NONREF//OO9T000261921846
NL81RABO1479887439
:86:/TRCD/690/ORDP//NAME/Zorgburo Altun/ISDT/2019-10-29
:61:191029D000000005099,00N544NONREF//OO9T000261924486
NL86INGB0002445588
:86:/TRCD/544/BENM//NAME/Belastingdienst Apeldoorn/REMI//CDTRREFTP//C
D/SCOR/ISSR/CUR/CDTRREF/0167791396901090/ISDT/2019-10-29
:61:191029D000000000057,00N544NONREF//OO9T000261926809
NL15RABO0152573607
:86:/TRCD/544/BENM//NAME/ANWB BV/REMI/Factuurnummer 1130393127 debite
urennummer 313317917/ISDT/2019-10-29
:61:191029D000000000046,50N002NONREF//EP01579219323330
0000000000
:86:/TRCD/002/BENM//NAME/BEYZADE Pideci & Kebab Haarlem/REMI/Betaalau
tomaat 19:32 pasnr. 012
:62F:C191029EUR000000002911,12
:64:C191029EUR000000002911,12
:65:C191030EUR000000002911,12
:65:C191031EUR000000002911,12
:65:C191101EUR000000002911,12
:65:C191102EUR000000002911,12
:20:940S191030
:25:NL08RABO0341360953 EUR
:28C:19282
:60F:C191029EUR000000002911,12
:61:191030C000000003308,13N541EREF//18956160042
NL10RABO0317335375
:86:/EREF/REF19/615/2004 2019065/TRCD/541/ORDP//NAME/SVB Dienstverlen
ing PGB/REMI/BETALINGSKENM.: 2019065, ONZE REF.: 38113381, TOELIC
HTING: Yurtkap/ISDT/2019-10-30
:62F:C191030EUR000000006219,25
:64:C191030EUR000000006219,25
:65:C191031EUR000000006219,25
:65:C191101EUR000000006219,25
:65:C191102EUR000000006219,25
:65:C191103EUR000000006219,25
:20:940S191031
:25:NL08RABO0341360953 EUR
:28C:19283
:60F:C191030EUR000000006219,25
:61:191031D000000000042,50N064MARF//18955746290
NL91INGB0000274250
:86:/MARF/M10019042611/EREF/000002028782626/TRCD/064/ORDP//NAME/Telfo
rt Thuis/REMI/Factuur 26-10-2019, klantnummer 1001769758, Vragen?
 Zie telfort.nl/factuur./CSID/NL82TFT271247010003
:61:191031D000000000309,63N544NONREF//OO9T000264020927
NL46ABNA0512143242
:86:/TRCD/544/BENM//NAME/L.G. Gebremichael/REMI/Beloningen oktober 20
19/ISDT/2019-10-31
:61:191031D000000000386,91N544NONREF//OO9T000264020928
NL27INGB0756969395
:86:/TRCD/544/BENM//NAME/I. Jerjis/REMI/Beloningen oktober 2019/ISDT/
2019-10-31
:61:191031D000000003043,63N544NONREF//OO9T000264020929
NL30RABO0123998204
:86:/TRCD/544/BENM//NAME/I.Alabas/REMI/Beloningen oktober 2019/ISDT/2
019-10-31
:61:191031D000000000248,20N544NONREF//OO9T000264020930
NL63ABNA0825450802
:86:/TRCD/544/BENM//NAME/L. Ayyoub/REMI/Eindrekening Zorgburo Altun/I
SDT/2019-10-31
:61:191031D000000000156,27N544NONREF//OO9T000264020931
NL74INGB0662594533
:86:/TRCD/544/BENM//NAME/H. Kraiczek/REMI/Beloningen Oktober 2019/ISD
T/2019-10-31
:61:191031D000000000835,35N544NONREF//OO9T000264020932
NL47INGB0686554795
:86:/TRCD/544/BENM//NAME/B. Yildirim/REMI/Beloningen oktober 2019/ISD
T/2019-10-31
:61:191031D000000000174,27N544NONREF//O9587163085
NL63TRIO0786922559
:86:/TRCD/544/BENM//NAME/M. Lips/REMI/Beloningen oktober 2019/ISDT/20
19-10-31
:61:191031D000000000625,00N544NONREF//O9587116608
BE81363168400124
:86:/TRCD/544/BENM//NAME/Brussels Business Garden/REMI/Factuurnummer 
0004, Zorgburo Altun, Juli 2019/ISDT/2019-10-31
:61:191031D000000000312,50N544NONREF//O9587116607
BE81363168400124
:86:/TRCD/544/BENM//NAME/Brussels Business Garden/REMI/Factuurnummer 
0003, Zorgburo Altun, December 2018/ISDT/2019-10-31
:61:191031D000000000016,65N002NONREF//H331T4143446304B
0000000000
:86:/TRCD/002/BENM//NAME/McDonald's Alkmaar ALKMAAR/REMI/Betaalautoma
at 14:34 pasnr. 012
:62F:C191031EUR000000000068,34
:64:C191031EUR000000000068,34
:65:C191101EUR000000000068,34
:65:C191102EUR000000000068,34
:65:C191103EUR000000000068,34
:65:C191104EUR000000000068,34
:20:940S191101
:25:NL08RABO0341360953 EUR
:28C:19284
:60F:C191031EUR000000000068,34
:61:191101D000000000096,97N064MARF//18962335143
NL32INGB0666261016
:86:/MARF/000770587000000133180/EREF/1-13578-34339327/TRCD/064/ORDP//
NAME/Zicht risico- en verzekeringsadviseurs/REMI/Zicht Ondernemer
sPakket Refnr P526500770587001 2019-11-01/CSID/NL03ZZZ27093787000
0
:61:191101C000000000449,80N541EREF//18974571322
NL10RABO0317335375
:86:/EREF/REF19/621/2242 10002/2019066/TRCD/541/ORDP//NAME/SVB Dienst
verlening PGB/REMI/BETALINGSKENM.: 10002/2019066, ONZE REF.: 3811
8299, TOELICHTING: Woude/ISDT/2019-11-01
:61:191101C000000000310,39N541EREF//18974572731
NL10RABO0317335375
:86:/EREF/REF19/621/2117 10005/2019069/TRCD/541/ORDP//NAME/SVB Dienst
verlening PGB/REMI/BETALINGSKENM.: 10005/2019069, ONZE REF.: 3811
8306, TOELICHTING: Yurtkap/ISDT/2019-11-01
:61:191101D000000000500,00N547NONREF//OO9T000265634051
NL77RABO0341369799
:86:/TRCD/547/BENM//NAME/N.Altun/REMI/Prive gebruik/ISDT/2019-11-01
:62F:C191101EUR000000000231,56
:64:C191101EUR000000000231,56
:65:C191102EUR000000000231,56
:65:C191103EUR000000000231,56
:65:C191104EUR000000000231,56
:65:C191105EUR000000000231,56
:20:940S191102
:25:NL08RABO0341360953 EUR
:28C:19285
:60F:C191101EUR000000000231,56
:62F:C191102EUR000000000231,56
:64:C191102EUR000000000231,56
:65:C191103EUR000000000231,56
:65:C191104EUR000000000231,56
:65:C191105EUR000000000231,56
:65:C191106EUR000000000231,56
:20:940S191103
:25:NL08RABO0341360953 EUR
:28C:19286
:60F:C191102EUR000000000231,56
:62F:C191103EUR000000000231,56
:64:C191103EUR000000000231,56
:65:C191104EUR000000000231,56
:65:C191105EUR000000000231,56
:65:C191106EUR000000000231,56
:65:C191107EUR000000000231,56
:20:940S191104
:25:NL08RABO0341360953 EUR
:28C:19287
:60F:C191103EUR000000000231,56
:61:191104D000000000242,00N065MARF//18969276470
NL20RABO0315674652
:86:/MARF/ALTUN01/EREF/ALTUN01-2193652/ALTUN01-2193653/TRCD/065/ORDP/
/NAME/Vitrina B.V./REMI/automatische incasso/NWZ ALKMAAR.2180229.
0112M.181220/SPAARNE GASTHUIS.2180230.0112M.181220/CSID/NL70ZZZ34
0987020000
:61:191104C000000002500,00N691NONREF//OO9T000267783421
NL81RABO1479887439
:86:/TRCD/691/ORDP//NAME/Zorgburo Altun/ISDT/2019-11-04
:61:191104D000000000122,59N030NONREF//99Y051150249308B
0000000000
:86:/TRCD/030/BENM//NAME/Sligro ZB 5014 ALKMAAR/REMI/Betaalautomaat 1
5:02 pasnr. 012
:62F:C191104EUR000000002366,97
:64:C191104EUR000000002366,97
:65:C191105EUR000000002366,97
:65:C191106EUR000000002366,97
:65:C191107EUR000000002366,97
:65:C191108EUR000000002366,97
:20:940S191105
:25:NL08RABO0341360953 EUR
:28C:19288
:60F:C191104EUR000000002366,97
:62F:C191105EUR000000002366,97
:64:C191105EUR000000002366,97
:65:C191106EUR000000002366,97
:65:C191107EUR000000002366,97
:65:C191108EUR000000002366,97
:65:C191109EUR000000002366,97
:20:940S191106
:25:NL08RABO0341360953 EUR
:28C:19289
:60F:C191105EUR000000002366,97
:61:191106C000000001000,00N691NONREF//OO9T000269953991
NL81RABO1479887439
:86:/TRCD/691/ORDP//NAME/Zorgburo Altun/ISDT/2019-11-06
:61:191106D000000002500,00N547NONREF//OO9T000269956619
NL77RABO0341369799
:86:/TRCD/547/BENM//NAME/N.Altun/ISDT/2019-11-06
:61:191106C000000002500,00N691NONREF//OO9T000269961621
NL81RABO1479887439
:86:/TRCD/691/ORDP//NAME/Zorgburo Altun/ISDT/2019-11-06
:61:191106D000000002500,00N547NONREF//OO9T000269963988
NL77RABO0341369799
:86:/TRCD/547/BENM//NAME/N.Altun/ISDT/2019-11-06
:61:191106C000000004223,52N541EREF//19425528050
NL10RABO0317335375
:86:/EREF/REF19/636/456 10000/2019067/TRCD/541/ORDP//NAME/SVB Dienstv
erlening PGB/REMI/BETALINGSKENM.: 10000/2019067, ONZE REF.: 38135
823, TOELICHTING: Celik/ISDT/2019-11-06
:62F:C191106EUR000000005090,49
:64:C191106EUR000000005090,49
:65:C191107EUR000000005090,49
:65:C191108EUR000000005090,49
:65:C191109EUR000000005090,49
:65:C191110EUR000000005090,49
:20:940S191107
:25:NL08RABO0341360953 EUR
:28C:19290
:60F:C191106EUR000000005090,49
:61:191107D000000000050,60N064MARF//19421173514
NL12COBA0733959555
:86:/MARF/1.17725112-001/EREF/501818234412/TRCD/064/ORDP//NAME/T-MOBI
LE NETHERLANDS B.V./REMI/Factuurnummer 901360773919/CSID/NL93ZZZ3
32656790051
:61:191107D000000000006,66N064MARF//19424805807
NL96ABNA0401863042
:86:/MARF/5000017003001/EREF/SLDD-0603832-5656543345/TRCD/064/ORDP//N
AME/TRAVELCARD/REMI/N00715655/CSID/NL59ZZZ390373820000
:61:191107D000000000241,53N064MARF//19424812599
NL96ABNA0401863042
:86:/MARF/5000017003001/EREF/SLDD-0603831-5656543344/TRCD/064/ORDP//N
AME/TRAVELCARD/REMI/N00715654/CSID/NL59ZZZ390373820000
:61:191107D000000000055,56N064MARF//19424797365
NL13ABNA0243185340
:86:/MARF/NL-0001436196-20190516/EREF/RCUR-2019-310-022418-20306376/T
RCD/064/ORDP//NAME/BEH MOBILITEITSGELDEN/REMI/YELLOWBRICK REF K13
 3519-0FNL-2030-6376/CSID/NL19ZZZ342502210000
:62F:C191107EUR000000004736,14
:64:C191107EUR000000004736,14
:65:C191108EUR000000004736,14
:65:C191109EUR000000004736,14
:65:C191110EUR000000004736,14
:65:C191111EUR000000004736,14
:20:940S191108
:25:NL08RABO0341360953 EUR
:28C:19291
:60F:C191107EUR000000004736,14
:61:191108D000000000101,25N002NONREF//S0Q75K142657312B
0000000000
:86:/TRCD/002/BENM//NAME/Bloem Bakkerij ALKMAAR/REMI/Betaalautomaat 1
4:26 pasnr. 012
:62F:C191108EUR000000004634,89
:64:C191108EUR000000004634,89
:65:C191109EUR000000004634,89
:65:C191110EUR000000004634,89
:65:C191111EUR000000004634,89
:65:C191112EUR000000004634,89
:20:940S191109
:25:NL08RABO0341360953 EUR
:28C:19292
:60F:C191108EUR000000004634,89
:62F:C191109EUR000000004634,89
:64:C191109EUR000000004634,89
:65:C191110EUR000000004634,89
:65:C191111EUR000000004634,89
:65:C191112EUR000000004634,89
:65:C191113EUR000000004634,89
:20:940S191110
:25:NL08RABO0341360953 EUR
:28C:19293
:60F:C191109EUR000000004634,89
:62F:C191110EUR000000004634,89
:64:C191110EUR000000004634,89
:65:C191111EUR000000004634,89
:65:C191112EUR000000004634,89
:65:C191113EUR000000004634,89
:65:C191114EUR000000004634,89
:20:940S191111
:25:NL08RABO0341360953 EUR
:28C:19294
:60F:C191110EUR000000004634,89
:61:191111D000000000013,00N002NONREF//S0Q75K160342315B
0000000000
:86:/TRCD/002/BENM//NAME/Bloem Bakkerij ALKMAAR/REMI/Betaalautomaat 1
6:03 pasnr. 012
:62F:C191111EUR000000004621,89
:64:C191111EUR000000004621,89
:65:C191112EUR000000004621,89
:65:C191113EUR000000004621,89
:65:C191114EUR000000004621,89
:65:C191115EUR000000004621,89
:20:940S191112
:25:NL08RABO0341360953 EUR
:28C:19295
:60F:C191111EUR000000004621,89
:62F:C191112EUR000000004621,89
:64:C191112EUR000000004621,89
:65:C191113EUR000000004621,89
:65:C191114EUR000000004621,89
:65:C191115EUR000000004621,89
:65:C191116EUR000000004621,89
:20:940S191113
:25:NL08RABO0341360953 EUR
:28C:19296
:60F:C191112EUR000000004621,89
:62F:C191113EUR000000004621,89
:64:C191113EUR000000004621,89
:65:C191114EUR000000004621,89
:65:C191115EUR000000004621,89
:65:C191116EUR000000004621,89
:65:C191117EUR000000004621,89
:20:940S191114
:25:NL08RABO0341360953 EUR
:28C:19297
:60F:C191113EUR000000004621,89
:62F:C191114EUR000000004621,89
:64:C191114EUR000000004621,89
:65:C191115EUR000000004621,89
:65:C191116EUR000000004621,89
:65:C191117EUR000000004621,89
:65:C191118EUR000000004621,89
:20:940S191115
:25:NL08RABO0341360953 EUR
:28C:19298
:60F:C191114EUR000000004621,89
:61:191115D000000000793,76N064MARF//19651327608
NL89INGB0651980038
:86:/MARF/SR-14396/EREF/0000100059110005908000254031RCUR/TRCD/064/ORD
P//NAME/De Hooge Waerder Alkmaar B.V./REMI/1130457/CSID/NL86ZZZ37
0709440000/ULTD//NAME/Zorgburo Altun
:61:191115D000000000086,77N064MARF//19648952016
NL31COBA0637053788
:86:/MARF/CS1143792-0341360953-01/EREF/ARNLNL1916502404/TRCD/064/ORDP
//NAME/TELE2 NEDERLAND B.V./REMI/ARNLNL1916502404/CSID/NL12T2N333
034180000
:62F:C191115EUR000000003741,36
:64:C191115EUR000000003741,36
:65:C191116EUR000000003741,36
:65:C191117EUR000000003741,36
:65:C191118EUR000000003741,36
:65:C191119EUR000000003741,36
:20:940S191116
:25:NL08RABO0341360953 EUR
:28C:19299
:60F:C191115EUR000000003741,36
:62F:C191116EUR000000003741,36
:64:C191116EUR000000003741,36
:65:C191117EUR000000003741,36
:65:C191118EUR000000003741,36
:65:C191119EUR000000003741,36
:65:C191120EUR000000003741,36
:20:940S191117
:25:NL08RABO0341360953 EUR
:28C:19300
:60F:C191116EUR000000003741,36
:62F:C191117EUR000000003741,36
:64:C191117EUR000000003741,36
:65:C191118EUR000000003741,36
:65:C191119EUR000000003741,36
:65:C191120EUR000000003741,36
:65:C191121EUR000000003741,36
:20:940S191118
:25:NL08RABO0341360953 EUR
:28C:19301
:60F:C191117EUR000000003741,36
:62F:C191118EUR000000003741,36
:64:C191118EUR000000003741,36
:65:C191119EUR000000003741,36
:65:C191120EUR000000003741,36
:65:C191121EUR000000003741,36
:65:C191122EUR000000003741,36
:20:940S191119
:25:NL08RABO0341360953 EUR
:28C:19302
:60F:C191118EUR000000003741,36
:61:191119D000000000028,40N030NONREF//0S7CC0123701323B
0000000000
:86:/TRCD/030/BENM//NAME/Bagels & Beans HEERHUGOWAARD/REMI/Betaalauto
maat 12:37 pasnr. 012
:61:191119D000000000002,00N002NONREF//01HC34132159323B
0000000000
:86:/TRCD/002/BENM//NAME/Parking Zuidtangent HEERHUGOWAARD/REMI/Betaa
lautomaat 13:21 pasnr. 012
:61:191119C000000000524,76N541EREF//19796357898
NL10RABO0317335375
:86:/EREF/REF19/665/2894 381157/sep-19/TRCD/541/ORDP//NAME/SVB Dienst
verlening PGB/REMI/BETALINGSKENM.: 381157/sep-19, ONZE REF.: 3818
5073, TOELICHTING: Ulu/ISDT/2019-11-19
:61:191119C000000000524,76N541EREF//19796357899
NL10RABO0317335375
:86:/EREF/REF19/665/2895 381157/okt-19/TRCD/541/ORDP//NAME/SVB Dienst
verlening PGB/REMI/BETALINGSKENM.: 381157/okt-19, ONZE REF.: 3818
5074, TOELICHTING: Ulu/ISDT/2019-11-19
:62F:C191119EUR000000004760,48
:64:C191119EUR000000004760,48
:65:C191120EUR000000004760,48
:65:C191121EUR000000004760,48
:65:C191122EUR000000004760,48
:65:C191123EUR000000004760,48
:20:940S191120
:25:NL08RABO0341360953 EUR
:28C:19303
:60F:C191119EUR000000004760,48
:61:191120D000000000013,00N064MARF//19795455830
NL20ABNA0426194241
:86:/MARF/H05883-1/EREF/1911190588359314/TRCD/064/ORDP//NAME/PZN B V/
REMI/PerSaldo Hulpgids 4034041/CSID/NL45ZZZ342178680000
:61:191120D000000000015,00N002NONREF//EP01579215371932
0000000000
:86:/TRCD/002/BENM//NAME/BEYZADE Pideci & Kebab Haarlem/REMI/Betaalau
tomaat 15:37 pasnr. 012
:62F:C191120EUR000000004732,48
:64:C191120EUR000000004732,48
:65:C191121EUR000000004732,48
:65:C191122EUR000000004732,48
:65:C191123EUR000000004732,48
:65:C191124EUR000000004732,48
:20:940S191121
:25:NL08RABO0341360953 EUR
:28C:19304
:60F:C191120EUR000000004732,48
:61:191121D000000000065,00N547NONREF//OO9T000284338185
NL46ABNA0512143242
:86:/TRCD/547/BENM//NAME/L.G. Gebremichael/REMI/Reiskosten vergoeding
 maand November 2019/ISDT/2019-11-21
:62F:C191121EUR000000004667,48
:64:C191121EUR000000004667,48
:65:C191122EUR000000004667,48
:65:C191123EUR000000004667,48
:65:C191124EUR000000004667,48
:65:C191125EUR000000004667,48
:20:940S191122
:25:NL08RABO0341360953 EUR
:28C:19305
:60F:C191121EUR000000004667,48
:62F:C191122EUR000000004667,48
:64:C191122EUR000000004667,48
:65:C191123EUR000000004667,48
:65:C191124EUR000000004667,48
:65:C191125EUR000000004667,48
:65:C191126EUR000000004667,48
:20:940S191123
:25:NL08RABO0341360953 EUR
:28C:19306
:60F:C191122EUR000000004667,48
:61:191123D000000000004,99N002NONREF//6N50G1170935327B
0000000000
:86:/TRCD/002/BENM//NAME/Albert Heijn 1075 ALKMAAR/REMI/Betaalautomaa
t 17:09 pasnr. 012
:62F:C191123EUR000000004662,49
:64:C191123EUR000000004662,49
:65:C191124EUR000000004662,49
:65:C191125EUR000000004662,49
:65:C191126EUR000000004662,49
:65:C191127EUR000000004662,49
:20:940S191124
:25:NL08RABO0341360953 EUR
:28C:19307
:60F:C191123EUR000000004662,49
:62F:C191124EUR000000004662,49
:64:C191124EUR000000004662,49
:65:C191125EUR000000004662,49
:65:C191126EUR000000004662,49
:65:C191127EUR000000004662,49
:65:C191128EUR000000004662,49
:20:940S191125
:25:NL08RABO0341360953 EUR
:28C:19308
:60F:C191124EUR000000004662,49
:61:191125C000000000974,56N541EREF//19871365640
NL10RABO0317335375
:86:/EREF/REF19/681/9108 389113/nov-19/TRCD/541/ORDP//NAME/SVB Dienst
verlening PGB/REMI/BETALINGSKENM.: 389113/nov-19, ONZE REF.: 3822
3275, TOELICHTING: Taha Rafik Mohamad/ISDT/2019-11-25
:61:191125C000000000449,80N541EREF//19871366404
NL10RABO0317335375
:86:/EREF/REF19/681/11493 401945/nov-19/TRCD/541/ORDP//NAME/SVB Diens
tverlening PGB/REMI/BETALINGSKENM.: 401945/nov-19, ONZE REF.: 382
28008, TOELICHTING: Buijs/ISDT/2019-11-25
:61:191125C000000000531,70N541EREF//19871360753
NL10RABO0317335375
:86:/EREF/REF19/681/10887 398872/nov-19/TRCD/541/ORDP//NAME/SVB Diens
tverlening PGB/REMI/BETALINGSKENM.: 398872/nov-19, ONZE REF.: 382
28046, TOELICHTING: Sbaa/ISDT/2019-11-25
:61:191125C000000000524,76N541EREF//19871361176
NL10RABO0317335375
:86:/EREF/REF19/681/7798 381157/nov-19/TRCD/541/ORDP//NAME/SVB Dienst
verlening PGB/REMI/BETALINGSKENM.: 381157/nov-19, ONZE REF.: 3823
1043, TOELICHTING: Ulu/ISDT/2019-11-25
:61:191125C000000000224,90N541EREF//19871360635
NL10RABO0317335375
:86:/EREF/REF19/681/9218 389853/nov-19/TRCD/541/ORDP//NAME/SVB Dienst
verlening PGB/REMI/BETALINGSKENM.: 389853/nov-19, ONZE REF.: 3822
5176, TOELICHTING: Bayram/ISDT/2019-11-25
:61:191125C000000000899,60N541EREF//19871361012
NL10RABO0317335375
:86:/EREF/REF19/681/5177 365157/nov-19/TRCD/541/ORDP//NAME/SVB Dienst
verlening PGB/REMI/BETALINGSKENM.: 365157/nov-19, ONZE REF.: 3821
6839, TOELICHTING: Kelesoglu/ISDT/2019-11-25
:61:191125C000000000974,56N541EREF//19871349886
NL10RABO0317335375
:86:/EREF/REF19/679/6080 182608/nov-19/TRCD/541/ORDP//NAME/SVB Dienst
verlening PGB/REMI/BETALINGSKENM.: 182608/nov-19, ONZE REF.: 3821
2905, TOELICHTING: Gulten/ISDT/2019-11-25
:61:191125C000000000254,15N541EREF//19871266947
NL10RABO0317335375
:86:/EREF/REF19/681/2750 348201/nov-19/TRCD/541/ORDP//NAME/SVB Dienst
verlening PGB/REMI/BETALINGSKENM.: 348201/nov-19, ONZE REF.: 3821
5782, TOELICHTING: Yurtkap/ISDT/2019-11-25
:61:191125D000000000032,05N002NONREF//6D3LG3144326329B
0000000000
:86:/TRCD/002/BENM//NAME/Albert Heijn 1075 ALKMAAR/REMI/Betaalautomaa
t 14:43 pasnr. 012
:62F:C191125EUR000000009464,47
:64:C191125EUR000000009464,47
:65:C191126EUR000000009464,47
:65:C191127EUR000000009464,47
:65:C191128EUR000000009464,47
:65:C191129EUR000000009464,47
:20:940S191126
:25:NL08RABO0341360953 EUR
:28C:19309
:60F:C191125EUR000000009464,47
:61:191126D000000000141,00N544NONREF//OO9T000290535076
NL45ABNA0642089019
:86:/TRCD/544/BENM//NAME/Vereniging Per Saldo/REMI//CDTRREFTP//CD/SCO
R/ISSR/CUR/CDTRREF/8000000091466098/ISDT/2019-11-26
:61:191126D000000003232,00N544NONREF//OO9T000290535077
NL86INGB0002445588
:86:/TRCD/544/BENM//NAME/Belastingdienst Apeldoorn/REMI//CDTRREFTP//C
D/SCOR/ISSR/CUR/CDTRREF/6167791396901100/ISDT/2019-11-26
:61:191126D000000000446,26N544NONREF//OO9T000290535078
NL22ABNA0602325544
:86:/TRCD/544/BENM//NAME/Domavest BV/REMI/Zorgburo Altun, ruimte 2.03
, december 2019/ISDT/2019-11-26
:61:191126D000000000408,74N544NONREF//OO9T000290535079
NL22ABNA0602325544
:86:/TRCD/544/BENM//NAME/Domavest BV/REMI/Zorgburo Altun ruimte 2.01,
 21930302, december 2019/ISDT/2019-11-26
:61:191126D000000000176,77N544NONREF//OO9T000290535080
NL15RABO0152573607
:86:/TRCD/544/BENM//NAME/ANBW B.V. 's- Gravenhage/REMI/Factuurnummer 
1130395114, Zorgburo Altun Deb nummer 313317917/ISDT/2019-11-26
:61:191126D000000000279,00N544NONREF//OO9T000290535081
NL30RABO0142748498
:86:/TRCD/544/BENM//NAME/Landzijde/REMI/Factuurnummer 2780/2019, dhr.
 A. Ibrahem 30-7-1999/ISDT/2019-11-26
:61:191126D000000000108,90N544NONREF//OO9T000290535082
NL50ABNA0811013944
:86:/TRCD/544/BENM//NAME/SAARL Superschoon/REMI/Factuurnummer 2019-18
, deb nummer 010, Zorgburo Altun Oktober 2019/ISDT/2019-11-26
:61:191126D000000004563,00N544NONREF//OO9T000290535083
NL89INGB0000004820
:86:/TRCD/544/BENM//NAME/Belastingdienst/REMI/Aanslagnummer: 1677.91.
394.H8601 en aanslagnummer 1677.91.394.W86014, Zorgburo Altun/ISD
T/2019-11-26
:61:191126C000000003500,00N690NONREF//OO9T000290537161
NL81RABO1479887439
:86:/TRCD/690/ORDP//NAME/Zorgburo Altun/ISDT/2019-11-26
:61:191126D000000001500,00N544NONREF//OO9T000290540464
NL89INGB0651980038
:86:/TRCD/544/BENM//NAME/De Hooge Waerder/REMI/Factuurnummer 1128601,
 Termijn november, Zorgburo Altun/ISDT/2019-11-26
:62F:C191126EUR000000002108,80
:64:C191126EUR000000002108,80
:65:C191127EUR000000002108,80
:65:C191128EUR000000002108,80
:65:C191129EUR000000002108,80
:65:C191130EUR000000002108,80
:20:940S191127
:25:NL08RABO0341360953 EUR
:28C:19310
:60F:C191126EUR000000002108,80
:61:191127D000000000038,00N002NONREF//X4C5TN174127331B
0000000000
:86:/TRCD/002/BENM//NAME/Eethuis Marhaba AMSTERDAM/REMI/Betaalautomaa
t 17:41 pasnr. 012
:62F:C191127EUR000000002070,80
:64:C191127EUR000000002070,80
:65:C191128EUR000000002070,80
:65:C191129EUR000000002070,80
:65:C191130EUR000000002070,80
:65:C191201EUR000000002070,80
:20:940S191128
:25:NL08RABO0341360953 EUR
:28C:19311
:60F:C191127EUR000000002070,80
:61:191128D000000000003,00N065MARF//19886994083
NL44RABO0157182622
:86:/MARF/29877/EREF/5000000000427322/TRCD/065/ORDP//NAME/Stichting D
e Opkikker/REMI/Hartelijk dank voor uw donatie, RELATIE/FACTUUR:8
0631/722356/CSID/NL44ZZZ412471690000
:61:191128D000000000016,65N002NONREF//H331T4143511332B
0000000000
:86:/TRCD/002/BENM//NAME/McDonald's Alkmaar ALKMAAR/REMI/Betaalautoma
at 14:35 pasnr. 012
:62F:C191128EUR000000002051,15
:64:C191128EUR000000002051,15
:65:C191129EUR000000002051,15
:65:C191130EUR000000002051,15
:65:C191201EUR000000002051,15
:65:C191202EUR000000002051,15
:20:940S191129
:25:NL08RABO0341360953 EUR
:28C:19312
:60F:C191128EUR000000002051,15
:61:191129D000000000054,32N064MARF//19898475891
NL91INGB0000274250
:86:/MARF/M10019042611/EREF/000002029384002/TRCD/064/ORDP//NAME/Telfo
rt Thuis/REMI/Factuur 26-11-2019, klantnummer 1001769758, Vragen?
 Zie telfort.nl/factuur./CSID/NL82TFT271247010003
:61:191129D000000000009,52N002NONREF//7225959713221833
0000000000
:86:/TRCD/002/BENM//NAME/Action 1022 Alkmaar/REMI/Betaalautomaat 13:2
2 pasnr. 012
:61:191129C000000007500,00N690NONREF//OO9T000294296153
NL81RABO1479887439
:86:/TRCD/690/ORDP//NAME/Zorgburo Altun/ISDT/2019-11-29
:61:191129D000000000396,44N544NONREF//OO9T000294304335
NL27INGB0756969395
:86:/TRCD/544/BENM//NAME/I. Jerjis/REMI/Beloningen november 2019, Zor
gburo Altun/ISDT/2019-11-29
:61:191129D000000000041,35N544NONREF//OO9T000294304336
NL63ABNA0825450802
:86:/TRCD/544/BENM//NAME/L.Ayyoub/REMI/Declaratie VOG, Zorgburo Altun
/ISDT/2019-11-29
:61:191129D000000000197,62N544NONREF//OO9T000294304337
NL74INGB0662594533
:86:/TRCD/544/BENM//NAME/H. Kraiczek/REMI/Beloningen november 2019, Z
orgburo Altun/ISDT/2019-11-29
:61:191129D000000000631,88N544NONREF//OO9T000294304338
NL47INGB0686554795
:86:/TRCD/544/BENM//NAME/B.Yildirim/REMI/Beloningen november 2019, Zo
rgburo Altun/ISDT/2019-11-29
:61:191129D000000002959,61N544NONREF//OO9T000294304339
NL30RABO0123998204
:86:/TRCD/544/BENM//NAME/I.Alabas/REMI/Beloningen november 2019, Zorg
buro Altun/ISDT/2019-11-29
:61:191129D000000000671,13N544NONREF//OO9T000294304340
NL46ABNA0512143242
:86:/TRCD/544/BENM//NAME/L.G. Gebremichael/REMI/Beloningen november 2
019, Zorgburo Altun/ISDT/2019-11-29
:61:191129D000000000140,10N544NONREF//O9839800031
NL63TRIO0786922559
:86:/TRCD/544/BENM//NAME/M.Lips/REMI/Beloningen november 2019, Zorgbu
ro Altun/ISDT/2019-11-29
:62F:C191129EUR000000004449,18
:64:C191129EUR000000004449,18
:65:C191130EUR000000004449,18
:65:C191201EUR000000004449,18
:65:C191202EUR000000004449,18
:65:C191203EUR000000004449,18
:20:940S191130
:25:NL08RABO0341360953 EUR
:28C:19313
:60F:C191129EUR000000004449,18
:62F:C191130EUR000000004449,18
:64:C191130EUR000000004449,18
:65:C191201EUR000000004449,18
:65:C191202EUR000000004449,18
:65:C191203EUR000000004449,18
:65:C191204EUR000000004449,18
:20:940S191201
:25:NL08RABO0341360953 EUR
:28C:19314
:60F:C191130EUR000000004449,18
:62F:C191201EUR000000004449,18
:64:C191201EUR000000004449,18
:65:C191202EUR000000004449,18
:65:C191203EUR000000004449,18
:65:C191204EUR000000004449,18
:65:C191205EUR000000004449,18
:20:940S191202
:25:NL08RABO0341360953 EUR
:28C:19315
:60F:C191201EUR000000004449,18
:61:191202D000000001812,70N064MARF//19905851949
NL89INGB0651980038
:86:/MARF/SR-14396/EREF/0000100059300005927000254639RCUR/TRCD/064/ORD
P//NAME/De Hooge Waerder Alkmaar B.V./REMI/1130938/CSID/NL86ZZZ37
0709440000/ULTD//NAME/Zorgburo Altun
:61:191202D000000000052,32N064MARF//19909106972
NL59ABNA0590849875
:86:/MARF/230000069468/EREF/240003895979/TRCD/064/ORDP//NAME/NS GROEP
 IZ NS REIZIGERS/REMI/Factuur: 430001184998/CSID/NL03ZZZ301243580
000
:61:191202D000000000096,97N064MARF//19904139367
NL32INGB0666261016
:86:/MARF/000770587000000133180/EREF/1-13775-34740628/TRCD/064/ORDP//
NAME/Zicht risico- en verzekeringsadviseurs/REMI/Zicht Ondernemer
sPakket Refnr P526500770587001 2019-12-01/CSID/NL03ZZZ27093787000
0
:61:191202D000000000024,50N030NONREF//CT64558214034833
0000000000
:86:/TRCD/030/BENM//NAME/CCV*Mr. Uyghur ALKMAAR/REMI/Betaalautomaat 1
4:03 pasnr. 012
:62F:C191202EUR000000002462,69
:64:C191202EUR000000002462,69
:65:C191203EUR000000002462,69
:65:C191204EUR000000002462,69
:65:C191205EUR000000002462,69
:65:C191206EUR000000002462,69
:20:940S191203
:25:NL08RABO0341360953 EUR
:28C:19316
:60F:C191202EUR000000002462,69
:61:191203D000000000005,75N002NONREF//0S7CC0122552337B
0000000000
:86:/TRCD/002/BENM//NAME/Bagels & Beans HEERHUGOWAARD/REMI/Betaalauto
maat 12:25 pasnr. 012
:62F:C191203EUR000000002456,94
:64:C191203EUR000000002456,94
:65:C191204EUR000000002456,94
:65:C191205EUR000000002456,94
:65:C191206EUR000000002456,94
:65:C191207EUR000000002456,94
:20:940S191204
:25:NL08RABO0341360953 EUR
:28C:19317
:60F:C191203EUR000000002456,94
:61:191204D000000000242,00N065MARF//20046507715
NL20RABO0315674652
:86:/MARF/ALTUN01/EREF/ALTUN01-2194034/ALTUN01-2194035/TRCD/065/ORDP/
/NAME/Vitrina B.V./REMI/automatische incasso/NWZ ALKMAAR.2180229.
0201M.181220/SPAARNE GASTHUIS.2180230.0201M.181220/CSID/NL70ZZZ34
0987020000
:61:191204C000000000449,80N541EREF//20053997228
NL10RABO0317335375
:86:/EREF/REF19/709/3685 365159/nov-19/TRCD/541/ORDP//NAME/SVB Dienst
verlening PGB/REMI/BETALINGSKENM.: 365159/nov-19, ONZE REF.: 3826
6780, TOELICHTING: Woude/ISDT/2019-12-04
:61:191204D000000000018,99N002NONREF//9V99N6144127338B
0000000000
:86:/TRCD/002/BENM//NAME/Blokker 0512 Heerhug HEERHUGOWAARD/REMI/Beta
alautomaat 14:41 pasnr. 012
:62F:C191204EUR000000002645,75
:64:C191204EUR000000002645,75
:65:C191205EUR000000002645,75
:65:C191206EUR000000002645,75
:65:C191207EUR000000002645,75
:65:C191208EUR000000002645,75
:20:940S191205
:25:NL08RABO0341360953 EUR
:28C:19318
:60F:C191204EUR000000002645,75
:61:191205C000000000310,39N541EREF//20057746036
NL10RABO0317335375
:86:/EREF/REF19/712/2908 2019074/10005/TRCD/541/ORDP//NAME/SVB Dienst
verlening PGB/REMI/BETALINGSKENM.: 2019074/10005, ONZE REF.: 3826
8499, TOELICHTING: Yurtkap/ISDT/2019-12-05
:61:191205C000000003308,13N541EREF//20057747278
NL10RABO0317335375
:86:/EREF/REF19/712/3007 2019070/10001/TRCD/541/ORDP//NAME/SVB Dienst
verlening PGB/REMI/BETALINGSKENM.: 2019070/10001, ONZE REF.: 3826
8498, TOELICHTING: Yurtkap/ISDT/2019-12-05
:61:191205D000000004500,00N504NONREF//OO9T000300716768
NL81RABO1479887439
:86:/TRCD/504/BENM//NAME/ZORGBURO ALTUN/ISDT/2019-12-05
:62F:C191205EUR000000001764,27
:64:C191205EUR000000001764,27
:65:C191206EUR000000001764,27
:65:C191207EUR000000001764,27
:65:C191208EUR000000001764,27
:65:C191209EUR000000001764,27
:20:940S191206
:25:NL08RABO0341360953 EUR
:28C:19319
:60F:C191205EUR000000001764,27
:61:191206C000000000612,90N541EREF//20062550840
NL10RABO0317335375
:86:/EREF/REF19/717/5055 410325/okt-19/TRCD/541/ORDP//NAME/SVB Dienst
verlening PGB/REMI/BETALINGSKENM.: 410325/okt-19, ONZE REF.: 3827
7262, TOELICHTING: Youssef/ISDT/2019-12-06
:61:191206C000000000766,13N541EREF//20062550841
NL10RABO0317335375
:86:/EREF/REF19/717/5056 410325/nov-19/TRCD/541/ORDP//NAME/SVB Dienst
verlening PGB/REMI/BETALINGSKENM.: 410325/nov-19, ONZE REF.: 3827
7263, TOELICHTING: Youssef/ISDT/2019-12-06
:61:191206D000000000005,40N002NONREF//18ZP01135123340B
0000000000
:86:/TRCD/002/BENM//NAME/vof Visspecialist FK HEERHUGOWAARD/REMI/Beta
alautomaat 13:51 pasnr. 012
:61:191206D000000000002,23N002NONREF//641N36135720340B
0000000000
:86:/TRCD/002/BENM//NAME/Albert Heijn 1385 ALKMAAR/REMI/Betaalautomaa
t 13:57 pasnr. 012
:62F:C191206EUR000000003135,67
:64:C191206EUR000000003135,67
:65:C191207EUR000000003135,67
:65:C191208EUR000000003135,67
:65:C191209EUR000000003135,67
:65:C191210EUR000000003135,67
:20:940S191207
:25:NL08RABO0341360953 EUR
:28C:19320
:60F:C191206EUR000000003135,67
:62F:C191207EUR000000003135,67
:64:C191207EUR000000003135,67
:65:C191208EUR000000003135,67
:65:C191209EUR000000003135,67
:65:C191210EUR000000003135,67
:65:C191211EUR000000003135,67
:20:940S191208
:25:NL08RABO0341360953 EUR
:28C:19321
:60F:C191207EUR000000003135,67
:62F:C191208EUR000000003135,67
:64:C191208EUR000000003135,67
:65:C191209EUR000000003135,67
:65:C191210EUR000000003135,67
:65:C191211EUR000000003135,67
:65:C191212EUR000000003135,67
:20:940S191209
:25:NL08RABO0341360953 EUR
:28C:19322
:60F:C191208EUR000000003135,67
:61:191209D000000000050,60N064MARF//20058806408
NL12COBA0733959555
:86:/MARF/1.17725112-001/EREF/500117215197/TRCD/064/ORDP//NAME/T-MOBI
LE NETHERLANDS B.V./REMI/Factuurnummer 901363098367/CSID/NL93ZZZ3
32656790051
:61:191209D000000000191,03N064MARF//20063269233
NL96ABNA0401863042
:86:/MARF/5000017003001/EREF/SLDD-0659245-5657513797/TRCD/064/ORDP//N
AME/TRAVELCARD/REMI/N00774569/CSID/NL59ZZZ390373820000
:61:191209D000000000060,57N064MARF//20061427866
NL13ABNA0243185340
:86:/MARF/NL-0001436196-20190516/EREF/RCUR-2019-340-022354-20605082/T
RCD/064/ORDP//NAME/BEH MOBILITEITSGELDEN/REMI/YELLOWBRICK REF K13
 3519-0FNL-2060-5082/CSID/NL19ZZZ342502210000
:62F:C191209EUR000000002833,47
:64:C191209EUR000000002833,47
:65:C191210EUR000000002833,47
:65:C191211EUR000000002833,47
:65:C191212EUR000000002833,47
:65:C191213EUR000000002833,47
:20:940S191210
:25:NL08RABO0341360953 EUR
:28C:19323
:60F:C191209EUR000000002833,47
:61:191210D000000000006,66N064MARF//20364413420
NL96ABNA0401863042
:86:/MARF/5000017003001/EREF/SLDD-0656704-5657535898/TRCD/064/ORDP//N
AME/TRAVELCARD/REMI/N00774570/CSID/NL59ZZZ390373820000
:61:191210C000000004223,52N541EREF//20369257868
NL10RABO0317335375
:86:/EREF/REF19/723/535 2019072/TRCD/541/ORDP//NAME/SVB Dienstverleni
ng PGB/REMI/BETALINGSKENM.: 2019072, ONZE REF.: 38283784, TOELICH
TING: Celik/ISDT/2019-12-10
:61:191210D000000000250,00N547NONREF//OO9T000305616910
NL77RABO0341369799
:86:/TRCD/547/BENM//NAME/N.Altun/ISDT/2019-12-10
:62F:C191210EUR000000006800,33
:64:C191210EUR000000006800,33
:65:C191211EUR000000006800,33
:65:C191212EUR000000006800,33
:65:C191213EUR000000006800,33
:65:C191214EUR000000006800,33
:20:940S191211
:25:NL08RABO0341360953 EUR
:28C:19324
:60F:C191210EUR000000006800,33
:62F:C191211EUR000000006800,33
:64:C191211EUR000000006800,33
:65:C191212EUR000000006800,33
:65:C191213EUR000000006800,33
:65:C191214EUR000000006800,33
:65:C191215EUR000000006800,33
:20:940S191212
:25:NL08RABO0341360953 EUR
:28C:19325
:60F:C191211EUR000000006800,33
:61:191212D000000000078,82N064MARF//20371810556
NL32INGB0666261016
:86:/MARF/000770587000000133180/EREF/1-13844-34995770/TRCD/064/ORDP//
NAME/Zicht risico- en verzekeringsadviseurs/REMI/Pakketverzekerin
g Refnr 50145884 2019-12-12/CSID/NL03ZZZ270937870000
:61:191212D000000000002,20N002NONREF//0305151311105234
0000000000
:86:/TRCD/002/BENM//NAME/ParkGar. K.Schiereil ALKMAAR/REMI/Betaalauto
maat 11:10 pasnr. 012
:61:191212D000000000016,03N002NONREF//522SSL113625346B
0000000000
:86:/TRCD/002/BENM//NAME/Albert Heijn 1385 ALKMAAR/REMI/Betaalautomaa
t 11:36 pasnr. 012
:62F:C191212EUR000000006703,28
:64:C191212EUR000000006703,28
:65:C191213EUR000000006703,28
:65:C191214EUR000000006703,28
:65:C191215EUR000000006703,28
:65:C191216EUR000000006703,28
:20:940S191213
:25:NL08RABO0341360953 EUR
:28C:19326
:60F:C191212EUR000000006703,28
:61:191213D000000001120,46N064MARF//20375940530
NL89INGB0651980038
:86:/MARF/SR-14396/EREF/0000100059500005947000255169RCUR/TRCD/064/ORD
P//NAME/De Hooge Waerder Alkmaar B.V./REMI/1131529/CSID/NL86ZZZ37
0709440000/ULTD//NAME/Zorgburo Altun
:61:191213D000000000015,00N030NONREF//EP01579215254534
0000000000
:86:/TRCD/030/BENM//NAME/BEYZADE Pideci & Kebab Haarlem/REMI/Betaalau
tomaat 15:25 pasnr. 012
:62F:C191213EUR000000005567,82
:64:C191213EUR000000005567,82
:65:C191214EUR000000005567,82
:65:C191215EUR000000005567,82
:65:C191216EUR000000005567,82
:65:C191217EUR000000005567,82
:20:940S191214
:25:NL08RABO0341360953 EUR
:28C:19327
:60F:C191213EUR000000005567,82
:62F:C191214EUR000000005567,82
:64:C191214EUR000000005567,82
:65:C191215EUR000000005567,82
:65:C191216EUR000000005567,82
:65:C191217EUR000000005567,82
:65:C191218EUR000000005567,82
:20:940S191215
:25:NL08RABO0341360953 EUR
:28C:19328
:60F:C191214EUR000000005567,82
:61:191215D000000000029,99N030NONREF//1ZW379181150349B
0000000000
:86:/TRCD/030/BENM//NAME/Albert Heijn 1269 HEERHUGOWAARD/REMI/Betaala
utomaat 18:11 pasnr. 012
:62F:C191215EUR000000005537,83
:64:C191215EUR000000005537,83
:65:C191216EUR000000005537,83
:65:C191217EUR000000005537,83
:65:C191218EUR000000005537,83
:65:C191219EUR000000005537,83
:20:940S191216
:25:NL08RABO0341360953 EUR
:28C:19329
:60F:C191215EUR000000005537,83
:61:191216D000000000083,60N064MARF//20377238695
NL31COBA0637053788
:86:/MARF/CS1143792-0341360953-01/EREF/ARNLNL1918038494/TRCD/064/ORDP
//NAME/TELE2/REMI/ARNLNL1918038494/CSID/NL12T2N333034180000
:61:191216D000000000009,42N002NONREF//6D025T155045350B
0000000000
:86:/TRCD/002/BENM//NAME/Albert Heijn 1075 ALKMAAR/REMI/Betaalautomaa
t 15:50 pasnr. 012
:61:191216D000000000010,50N002NONREF//S0Q75K155542350B
0000000000
:86:/TRCD/002/BENM//NAME/Bloem Bakkerij ALKMAAR/REMI/Betaalautomaat 1
5:55 pasnr. 012
:62F:C191216EUR000000005434,31
:64:C191216EUR000000005434,31
:65:C191217EUR000000005434,31
:65:C191218EUR000000005434,31
:65:C191219EUR000000005434,31
:65:C191220EUR000000005434,31
:20:940S191217
:25:NL08RABO0341360953 EUR
:28C:19330
:60F:C191216EUR000000005434,31
:62F:C191217EUR000000005434,31
:64:C191217EUR000000005434,31
:65:C191218EUR000000005434,31
:65:C191219EUR000000005434,31
:65:C191220EUR000000005434,31
:65:C191221EUR000000005434,31
:20:940S191218
:25:NL08RABO0341360953 EUR
:28C:19331
:60F:C191217EUR000000005434,31
:61:191218D000000000400,00N547NONREF//OO9T000313612174
NL77RABO0341369799
:86:/TRCD/547/BENM//NAME/N.Altun/ISDT/2019-12-18
:61:191218D000000000009,47N002NONREF//204H1T093634352B
0000000000
:86:/TRCD/002/BENM//NAME/Albert Heijn 1269 HEERHUGOWAARD/REMI/Betaala
utomaat 09:36 pasnr. 012
:62F:C191218EUR000000005024,84
:64:C191218EUR000000005024,84
:65:C191219EUR000000005024,84
:65:C191220EUR000000005024,84
:65:C191221EUR000000005024,84
:65:C191222EUR000000005024,84
:20:940S191219
:25:NL08RABO0341360953 EUR
:28C:19332
:60F:C191218EUR000000005024,84
:61:191219D000000000013,00N064MARF//20446777688
NL20ABNA0426194241
:86:/MARF/H05883-1/EREF/1912190588363327/TRCD/064/ORDP//NAME/PZN B V/
REMI/PerSaldo Hulpgids 4034240/CSID/NL45ZZZ342178680000
:61:191219D000000000006,96N002NONREF//1ZL6WF173727353B
0000000000
:86:/TRCD/002/BENM//NAME/Alexandrium Noord ROTTERDAM/REMI/Betaalautom
aat 17:37 pasnr. 012
:62F:C191219EUR000000005004,88
:64:C191219EUR000000005004,88
:65:C191220EUR000000005004,88
:65:C191221EUR000000005004,88
:65:C191222EUR000000005004,88
:65:C191223EUR000000005004,88
:20:940S191220
:25:NL08RABO0341360953 EUR
:28C:19333
:60F:C191219EUR000000005004,88
:61:191220D000000000099,65N064MARF//20454782994
NL59ABNA0590849875
:86:/MARF/230000069468/EREF/230004220688/TRCD/064/ORDP//NAME/NS GROEP
 IZ NS REIZIGERS/REMI/Factuur: 410001019963/CSID/NL03ZZZ301243580
000
:61:191220D000000000200,00N547NONREF//OO9T000316868000
NL77RABO0341369799
:86:/TRCD/547/BENM//NAME/N.Altun/ISDT/2019-12-20
:62F:C191220EUR000000004705,23
:64:C191220EUR000000004705,23
:65:C191221EUR000000004705,23
:65:C191222EUR000000004705,23
:65:C191223EUR000000004705,23
:65:C191224EUR000000004705,23
:20:940S191221
:25:NL08RABO0341360953 EUR
:28C:19334
:60F:C191220EUR000000004705,23
:62F:C191221EUR000000004705,23
:64:C191221EUR000000004705,23
:65:C191222EUR000000004705,23
:65:C191223EUR000000004705,23
:65:C191224EUR000000004705,23
:65:C191225EUR000000004705,23
:20:940S191222
:25:NL08RABO0341360953 EUR
:28C:19335
:60F:C191221EUR000000004705,23
:61:191222D000000000094,73N002NONREF//9FC901153346356B
0000000000
:86:/TRCD/002/BENM//NAME/Albert Heijn 1531 HEERHUGOWAARD/REMI/Betaala
utomaat 15:33 pasnr. 012
:61:191222D000000000150,00N030NONREF//ZV1001154413356B
0000000000
:86:/TRCD/030/BENM//NAME/Primera Evers HEERHUGOWAARD/REMI/Betaalautom
aat 15:44 pasnr. 012
:62F:C191222EUR000000004460,50
:64:C191222EUR000000004460,50
:65:C191223EUR000000004460,50
:65:C191224EUR000000004460,50
:65:C191225EUR000000004460,50
:65:C191226EUR000000004460,50
:20:940S191223
:25:NL08RABO0341360953 EUR
:28C:19336
:60F:C191222EUR000000004460,50
:61:191223C000000000974,56N541EREF//20674081236
NL10RABO0317335375
:86:/EREF/REF19/754/10688 389113/dec-19/TRCD/541/ORDP//NAME/SVB Diens
tverlening PGB/REMI/BETALINGSKENM.: 389113/dec-19, ONZE REF.: 383
58511, TOELICHTING: Taha Rafik Mohamad/ISDT/2019-12-23
:61:191223C000000000531,70N541EREF//20674087623
NL10RABO0317335375
:86:/EREF/REF19/754/12761 398872/dec-19/TRCD/541/ORDP//NAME/SVB Diens
tverlening PGB/REMI/BETALINGSKENM.: 398872/dec-19, ONZE REF.: 383
62723, TOELICHTING: Sbaa/ISDT/2019-12-23
:61:191223C000000000449,80N541EREF//20674088058
NL10RABO0317335375
:86:/EREF/REF19/754/13490 401945/dec-19/TRCD/541/ORDP//NAME/SVB Diens
tverlening PGB/REMI/BETALINGSKENM.: 401945/dec-19, ONZE REF.: 383
62688, TOELICHTING: Buijs/ISDT/2019-12-23
:61:191223C000000000766,13N541EREF//20674085569
NL10RABO0317335375
:86:/EREF/REF19/754/15306 410325/dec-19/TRCD/541/ORDP//NAME/SVB Diens
tverlening PGB/REMI/BETALINGSKENM.: 410325/dec-19, ONZE REF.: 383
65909, TOELICHTING: Youssef/ISDT/2019-12-23
:61:191223C000000000254,15N541EREF//20674056783
NL10RABO0317335375
:86:/EREF/REF19/754/3271 348201/dec-19/TRCD/541/ORDP//NAME/SVB Dienst
verlening PGB/REMI/BETALINGSKENM.: 348201/dec-19, ONZE REF.: 3835
1618, TOELICHTING: Yurtkap/ISDT/2019-12-23
:61:191223C000000000449,80N541EREF//20674055640
NL10RABO0317335375
:86:/EREF/REF19/754/6110 365159/dec-19/TRCD/541/ORDP//NAME/SVB Dienst
verlening PGB/REMI/BETALINGSKENM.: 365159/dec-19, ONZE REF.: 3835
3710, TOELICHTING: Woude/ISDT/2019-12-23
:61:191223C000000000899,60N541EREF//20674055638
NL10RABO0317335375
:86:/EREF/REF19/754/6109 365157/dec-19/TRCD/541/ORDP//NAME/SVB Dienst
verlening PGB/REMI/BETALINGSKENM.: 365157/dec-19, ONZE REF.: 3835
2602, TOELICHTING: Kelesoglu/ISDT/2019-12-23
:61:191223C000000000224,90N541EREF//20674063642
NL10RABO0317335375
:86:/EREF/REF19/754/10842 389853/dec-19/TRCD/541/ORDP//NAME/SVB Diens
tverlening PGB/REMI/BETALINGSKENM.: 389853/dec-19, ONZE REF.: 383
60215, TOELICHTING: Bayram/ISDT/2019-12-23
:61:191223C000000000524,76N541EREF//20674054515
NL10RABO0317335375
:86:/EREF/REF19/754/9113 381157/dec-19/TRCD/541/ORDP//NAME/SVB Dienst
verlening PGB/REMI/BETALINGSKENM.: 381157/dec-19, ONZE REF.: 3836
5669, TOELICHTING: Ulu/ISDT/2019-12-23
:61:191223C000000000974,56N541EREF//20674049465
NL10RABO0317335375
:86:/EREF/REF19/752/7300 182608/dec-19/TRCD/541/ORDP//NAME/SVB Dienst
verlening PGB/REMI/BETALINGSKENM.: 182608/dec-19, ONZE REF.: 3834
8977, TOELICHTING: Gulten/ISDT/2019-12-23
:62F:C191223EUR000000010510,46
:64:C191223EUR000000010510,46
:65:C191224EUR000000010510,46
:65:C191225EUR000000010510,46
:65:C191226EUR000000010510,46
:65:C191227EUR000000010510,46
:20:940S191224
:25:NL08RABO0341360953 EUR
:28C:19337
:60F:C191223EUR000000010510,46
:61:191224D000000000020,25N002NONREF//S0Q75K170006358B
0000000000
:86:/TRCD/002/BENM//NAME/Bloem Bakkerij ALKMAAR/REMI/Betaalautomaat 1
7:00 pasnr. 012
:62F:C191224EUR000000010490,21
:64:C191224EUR000000010490,21
:65:C191225EUR000000010490,21
:65:C191226EUR000000010490,21
:65:C191227EUR000000010490,21
:65:C191228EUR000000010490,21
:20:940S191225
:25:NL08RABO0341360953 EUR
:28C:19338
:60F:C191224EUR000000010490,21
:62F:C191225EUR000000010490,21
:64:C191225EUR000000010490,21
:65:C191226EUR000000010490,21
:65:C191227EUR000000010490,21
:65:C191228EUR000000010490,21
:65:C191229EUR000000010490,21
:20:940S191226
:25:NL08RABO0341360953 EUR
:28C:19339
:60F:C191225EUR000000010490,21
:61:191226D000000000100,00N547NONREF//OO9T000323748063
NL77RABO0341369799
:86:/TRCD/547/BENM//NAME/N.Altun/ISDT/2019-12-26
:62F:C191226EUR000000010390,21
:64:C191226EUR000000010390,21
:65:C191227EUR000000010390,21
:65:C191228EUR000000010390,21
:65:C191229EUR000000010390,21
:65:C191230EUR000000010390,21
:20:940S191227
:25:NL08RABO0341360953 EUR
:28C:19340
:60F:C191226EUR000000010390,21
:61:191227D000000000003,00N065MARF//20681444352
NL44RABO0157182622
:86:/MARF/29877/EREF/4000000000438895/TRCD/065/ORDP//NAME/Stichting D
e Opkikker/REMI/Hartelijk dank voor uw donatie, RELATIE/FACTUUR:8
0631/733454/CSID/NL44ZZZ412471690000
:61:191227C000000005000,00N690NONREF//OO9T000324739982
NL81RABO1479887439
:86:/TRCD/690/ORDP//NAME/Zorgburo Altun/ISDT/2019-12-27
:61:191227D000000004563,00N544NONREF//OO9T000324763756
NL89INGB0000004820
:86:/TRCD/544/BENM//NAME/BELASTINGDIENST/REMI/Aanslagnummer: 1677.91.
394.H8601 en Aanslagnummer: 1677.91.394.W86014 Kenmerk 1677.91.39
4, Zorgburo Altun/ISDT/2019-12-27
:61:191227D000000001500,00N544NONREF//OO9T000324763757
NL89INGB0651980038
:86:/TRCD/544/BENM//NAME/de Hooge Waerder/REMI/Factuur 1128601, termi
jn december 2019/ISDT/2019-12-27
:61:191227D000000002540,00N544NONREF//OO9T000324763758
NL86INGB0002445588
:86:/TRCD/544/BENM//NAME/Belastingdienst Apeldoorn/REMI//CDTRREFTP//C
D/SCOR/ISSR/CUR/CDTRREF/2167791396901110/ISDT/2019-12-27
:61:191227D000000000742,78N544NONREF//OO9T000324763759
NL46ABNA0512143242
:86:/TRCD/544/BENM//NAME/L.G.G. G. Gebremichael/REMI/Loon maand decem
ber 2019/ISDT/2019-12-27
:61:191227D000000002993,45N544NONREF//OO9T000324763760
NL30RABO0123998204
:86:/TRCD/544/BENM//NAME/I.Alabas/REMI/Loon maand december 2019/ISDT/
2019-12-27
:61:191227D000000000418,25N544NONREF//OO9T000324763761
NL27INGB0756969395
:86:/TRCD/544/BENM//NAME/I.Jerjis/REMI/Loon maand december 2019/ISDT/
2019-12-27
:61:191227D000000000156,27N544NONREF//OO9T000324763762
NL74INGB0662594533
:86:/TRCD/544/BENM//NAME/H. Kraiczek/REMI/Loon maand december 2019/IS
DT/2019-12-27
:61:191227D000000000738,46N544NONREF//OO9T000324763763
NL47INGB0686554795
:86:/TRCD/544/BENM//NAME/B.Yildirim/REMI/Loon maand december 2019/ISD
T/2019-12-27
:61:191227D000000000174,27N544NONREF//O10038080574
NL63TRIO0786922559
:86:/TRCD/544/BENM//NAME/M.Lips/REMI/Loon maand december 2019/ISDT/20
19-12-27
:61:191227D000000000136,13N544NONREF//OO9T000324773574
NL50ABNA0811013944
:86:/TRCD/544/BENM//NAME/Saarl Superschoon/REMI/Factuurnummer 2019-12
8, deb nr 010, Zorgburo Altun/ISDT/2019-12-27
:61:191227D000000000015,80N002NONREF//H331T4145724361B
0000000000
:86:/TRCD/002/BENM//NAME/McDonald's Alkmaar ALKMAAR/REMI/Betaalautoma
at 14:57 pasnr. 012
:62F:C191227EUR000000001408,80
:64:C191227EUR000000001408,80
:65:C191228EUR000000001408,80
:65:C191229EUR000000001408,80
:65:C191230EUR000000001408,80
:65:C191231EUR000000001408,80
:20:940S191228
:25:NL08RABO0341360953 EUR
:28C:19341
:60F:C191227EUR000000001408,80
:62F:C191228EUR000000001408,80
:64:C191228EUR000000001408,80
:65:C191229EUR000000001408,80
:65:C191230EUR000000001408,80
:65:C191231EUR000000001408,80
:65:C200101EUR000000001408,80
:20:940S191229
:25:NL08RABO0341360953 EUR
:28C:19342
:60F:C191228EUR000000001408,80
:62F:C191229EUR000000001408,80
:64:C191229EUR000000001408,80
:65:C191230EUR000000001408,80
:65:C191231EUR000000001408,80
:65:C200101EUR000000001408,80
:65:C200102EUR000000001408,80
:20:940S191230
:25:NL08RABO0341360953 EUR
:28C:19343
:60F:C191229EUR000000001408,80
:61:191230D000000000014,50N030NONREF//63H401124549364B
0000000000
:86:/TRCD/030/BENM//NAME/Autowasstr. Overdie ALKMAAR/REMI/Betaalautom
aat 12:45 pasnr. 012
:61:191230D000000000013,25N002NONREF//S0Q75K144822364B
0000000000
:86:/TRCD/002/BENM//NAME/Bloem Bakkerij ALKMAAR/REMI/Betaalautomaat 1
4:48 pasnr. 012
:62F:C191230EUR000000001381,05
:64:C191230EUR000000001381,05
:65:C191231EUR000000001381,05
:65:C200101EUR000000001381,05
:65:C200102EUR000000001381,05
:65:C200103EUR000000001381,05
:20:940S191231
:25:NL08RABO0341360953 EUR
:28C:19344
:60F:C191230EUR000000001381,05
:61:191231D000000000042,50N064MARF//20994151699
NL91INGB0000274250
:86:/MARF/M10019042611/EREF/000002029978419/TRCD/064/ORDP//NAME/Telfo
rt Thuis/REMI/Factuur 26-12-2019, klantnummer 1001769758, Vragen?
 Zie telfort.nl/factuur./CSID/NL82TFT271247010003
:61:191231D000000000010,00N544NONREF//OO9T000329610614
NL86INGB0002445588
:86:/TRCD/544/BENM//NAME/Belastingdienst Apeldoorn/REMI//CDTRREFTP//C
D/SCOR/ISSR/CUR/CDTRREF/2167791397690001/ISDT/2019-12-31
:61:191231D000000000015,80N002NONREF//H331T4152456365B
0000000000
:86:/TRCD/002/BENM//NAME/McDonald's Alkmaar ALKMAAR/REMI/Betaalautoma
at 15:24 pasnr. 012
:62F:C191231EUR000000001312,75
:64:C191231EUR000000001312,75
:65:C200101EUR000000001312,75
:65:C200102EUR000000001312,75
:65:C200103EUR000000001312,75
:65:C200104EUR000000001312,75
